1473 2322
420 123 531 160 THE
567 121 898 159 VENERABLE
933 121 1080 159 BEDE

159 226 345 276 reliquias
377 225 589 262 beatorum
623 224 895 274 apostolorum
927 223 1037 261 Petri
1071 230 1114 260 et
1146 223 1274 267 Pauli,
1307 228 1351 260 et

159 293 388 325 sanctorum
418 292 642 337 martyrum
674 287 896 330 Laurentii,
929 285 1116 322 Iohannis
1148 290 1191 322 et
1224 283 1350 329 Pauli,

160 355 203 386 et
225 349 408 399 Gregorii
431 354 554 398 atquc
578 347 778 385 Pancratii
801 350 856 384 eis
879 346 1047 384 fecimus
1069 347 1169 390 dari,
1192 351 1351 382 vestrae

160 410 424 448 excellentiae
449 409 630 460 profecto
653 422 792 446 omnes
816 408 1122 446 contradendas.
1179 407 1283 444 Nam
1307 411 1350 444 et

160 475 318 523 coniugi
356 477 529 516 vestrae,
568 476 729 508 nostrae
767 470 935 521 spiritali
974 470 1093 514 filiae,
1132 469 1351 507 direximus

159 547 232 585 per
251 533 456 584 praefatos
477 533 636 584 gerulos
658 545 818 570 crucem
839 531 993 569 clavem
1015 544 1179 569 auream
1200 530 1350 568 haben-

159 602 246 634 tem
272 596 323 634 de
349 598 624 633 sacratissimis
651 595 814 632 vinculis
840 595 1054 632 beatorum
1080 592 1351 644 apostolorum

161 659 271 696 Petri
304 663 346 695 et
378 657 512 694 Pauli:
560 657 611 694 de
643 659 754 693 cuius
785 659 851 706 pio
883 656 1016 693 studio
1048 659 1352 706 cognoscenteS‚

161 726 322 758 tantum
345 725 490 756 cuncta
514 719 628 756 sedes
653 719 872 768 apostolica
895 731 975 754 una
997 718 1204 754 nobiscum
1225 716 1353 753 laeta-

162 790 241 827 tur,
265 787 464 832 quantum
488 784 572 817 eius
596 783 663 830 pia
686 793 808 829 opera
832 793 965 816 coram
990 779 1079 816 Deo
1103 777 1286 829 fragrant
1310 782 1353 814 et

163 849 344 881 vernant.
400 843 584 879 Festinet
616 844 753 892 igitur,
787 853 1044 891 quaesumus,
1077 846 1210 877 vestra
1241 838 1353 876 celsi-

162 906 275 950 tudo,
299 910 346 942 ut
369 910 570 954 optamus,
594 909 725 940 totam
749 916 863 940 suam
886 902 1055 939 insulam
1081 902 1170 939 Deo
1194 899 1353 938 Christo

161 968 308 1006 dicare.
364 965 550 1003 Profecto
582 968 689 1002 enim
718 964 845 1002 habet
873 969 1160 1014 protectorem,
1189 962 1352 999 humani

163 1032 321 1081 generis
368 1028 669 1078 redemptorem
717 1027 937 1064 Dominum
984 1031 1166 1063 nostrum
1211 1025 1354 1064 Jesum

164 1091 382 1135 Christum,
426 1092 494 1140 qui
539 1092 576 1126 ei
620 1094 766 1126 cuncta
808 1100 1001 1138 prospera
1044 1089 1266 1137 impertiet,
1309 1091 1356 1123 ut

164 1166 311 1191 novum
335 1151 482 1190 Christi
506 1150 699 1201 populum
723 1155 947 1194 coacervet,
971 1148 1210 1186 catholicam
1233 1149 1289 1186 ibi
1314 1153 1357 1184 et

165 1214 425 1265 apostolicam
449 1216 697 1250 constituens
723 1211 857 1249 fidem.
912 1210 1114 1261 Scriptum
1138 1215 1201 1247 est
1225 1211 1355 1247 enim:

165 1284 174 1300 ‘
194 1276 388 1324 Quaerite
421 1277 595 1325 primum
628 1287 799 1325 regnum
833 1273 927 1318 Dei,
956 1278 1000 1310 et
1032 1275 1228 1310 iustitiam
1258 1273 1356 1315 eius,

167 1345 209 1376 et
249 1341 348 1375 haec
384 1339 518 1374 omnia
554 1336 779 1373 adicientur
813 1335 952 1372 vobis.’
1013 1334 1212 1371 Nimirum
1248 1335 1355 1370 enim

167 1402 339 1451 quaerit,
364 1404 407 1436 et
430 1400 678 1448 impetravit,
703 1402 746 1434 et
771 1399 808 1434 ei
833 1409 972 1434 omnes
997 1409 1093 1433 suae
1118 1394 1286 1439 insulae,
1310 1400 1357 1431 ut

166 1468 367 1513 optamus,
400 1460 636 1497 subdentur.
692 1458 867 1496 Paterno
900 1461 1039 1508 itaque
1073 1456 1222 1494 affectu
1254 1455 1358 1493 salu-

166 1529 303 1562 tantes
351 1527 526 1559 vestram
577 1520 875 1565 excellentiam,
923 1519 1100 1558 divinam
1147 1530 1357 1569 precamur

167 1587 316 1637 iugiter
344 1584 617 1627 clementiam,
648 1595 752 1633 quae
783 1595 851 1619 vos
882 1587 1116 1631 vestrosque
1147 1592 1286 1617 omnes
1317 1580 1357 1615 in

167 1647 352 1685 omnibus
381 1646 496 1683 bonis
526 1645 713 1695 operibus
745 1643 926 1681 auxiliari
957 1643 1160 1693 dignetur,
1191 1647 1237 1678 ut
1266 1654 1358 1679 cum

167 1709 327 1747 Christo
376 1710 417 1744 in
466 1706 603 1744 futuro
653 1708 832 1757 regnetis
882 1704 1053 1742 saeculo.
1110 1703 1357 1740 Incolumem

169 1770 451 1808 excellentiam
472 1774 647 1806 vestram
667 1770 799 1818 gratia
819 1779 992 1816 superna
1011 1765 1254 1803 custodiat.”

220 1833 319 1880 Quis
345 1844 441 1868 sane
465 1843 537 1881 pro
562 1829 766 1881 Vighardo
791 1834 976 1878 repertus
1001 1840 1047 1865 ac
1071 1827 1281 1865 dedicatus
1306 1829 1358 1863 sit

170 1897 354 1937 antistes,
374 1893 474 1930 libro
495 1896 693 1942 sequente
714 1892 977 1940 opportunius
997 1889 1165 1926 dicetur.

216 1989 229 2009 ²
253 1988 408 2021 Suffered
423 1987 639 2029 martyrdom
653 1987 691 2019 in
706 1986 767 2018 the
782 1985 977 2018 Diocletian
993 1984 1220 2026 persecution,
1238 1984 1312 2015 304.

170 2063 242 2102 500
