1473 2322
397 135 509 173 THE
546 134 875 172 VENERABLE
911 134 1058 172 BEDE

135 239 390 276 debebantur
424 236 616 287 supplicia
649 243 696 275 tu
729 237 882 275 solvere
914 237 1056 282 habes,
1088 239 1121 274 si
1155 250 1178 273 a
1210 236 1320 274 cultu

136 306 298 337 nostrae
335 299 538 349 religionis
576 299 784 337 discedere
822 298 1001 336 tentas.'’
1065 299 1124 336 At
1159 303 1322 335 sanctus

134 361 397 411 Albanus‚qui
413 374 457 399 se
474 360 579 398 ultro
592 361 917 411 persecutoribus
940 360 1034 398 fidei
1050 359 1321 398 Christianum

134 436 222 461 esse
241 423 491 473 prodiderat,
508 435 767 472 nequaquam
788 424 916 459 minas
937 424 1128 472 principis
1148 424 1321 466 metuit;

134 486 207 523 sed
221 488 422 522 accinctus
439 487 557 521 armis
571 483 741 522 militiae
756 483 960 534 spiritalis,
974 483 1109 534 palam
1124 483 1190 522 se1
1206 485 1322 520 iussis

135 546 238 584 illius
296 560 439 596 parere
493 545 598 584 nolle
652 547 956 596 pronuntiabat.
1019 545 1121 582 Tum
1176 545 1323 583 iudex:

136 609 157 620 “
175 607 338 652 Cuius,''
351 610 498 657 inquit,
513 607 533 620 '⁵
549 606 726 644 familiae
739 607 803 645 vel
813 610 973 658 generis
987 608 1056 645 es?
1075 606 1096 618 ”
1140 607 1324 644 Albanus

135 671 364 720 respondit:
414 669 565 716 “Quid
599 669 650 706 ad
683 674 727 706 te
760 672 942 719 pertinet
976 682 1056 719 qua
1089 671 1164 705 sim
1197 671 1323 718 stirpe

134 733 323 779 genitus?
357 732 428 769 sed
446 734 477 767 si
496 733 710 769 veritatem
728 730 930 781 religionis
949 731 1087 768 audire
1105 730 1326 775 desideras,

137 794 408 831 Christianum
451 796 532 830 iam
573 806 640 830 me
684 806 786 837 esse,
830 792 1146 843 Christianisque
1190 792 1325 829 officiis

136 869 277 893 vacare
328 854 566 906 cognosce.”
621 855 693 892 Ait
743 854 890 892 iudex:
956 854 979 867 “
998 854 1157 892 Nomen
1208 860 1324 892 tuum

136 930 300 968 quaero,
338 917 447 967 quod
483 919 569 954 sine
606 930 719 954 mora
755 916 853 953 mihi
891 916 1090 954 insinua.'’
1144 917 1199 953 Et
1235 915 1324 953 ille:

135 980 157 991 ‘⁸
177 978 401 1023 Albanus,’'
428 981 575 1028 inquit,
604 979 625 990 “
646 991 670 1014 a
696 979 933 1028 parentibus
960 992 1091 1023 vocor,
1119 983 1163 1016 et
1189 978 1323 1015 Deum

136 1054 274 1078 verum
302 1054 347 1077 ac
373 1043 508 1078 vivum
534 1043 603 1090 qui
629 1042 815 1078 universa
840 1042 993 1078 creavit
1019 1035 1324 1090 adoro'semper

137 1109 179 1140 et
207 1103 335 1140 colo.''
389 1102 492 1139 Tum
511 1103 634 1140 iudex
654 1101 834 1152 repletus
854 1102 1061 1139 iracundia
1080 1102 1183 1140 dixit
1200 1114 1209 1138 z
1242 1100 1265 1114 ‘⁴
1285 1100 1324 1138 Si

136 1168 192 1202 vis
236 1167 424 1214 perennis
462 1166 571 1202 vitae
613 1162 811 1202 felicitate
848 1163 1015 1214 perfrui,
1053 1164 1127 1201 diis
1168 1167 1325 1215 magnis

136 1227 357 1263 sacrificare
384 1240 434 1263 ne
462 1224 664 1263 diffe1·as.”
718 1225 898 1263 Albanus
926 1226 1134 1276 respondit
1161 1224 1182 1238 “
1199 1225 1325 1262 Sacri-

136 1289 224 1325 ficia
253 1288 351 1325 haec
381 1300 485 1338 quae
507 1302 529 1324 a
549 1288 660 1325 vobis
689 1288 914 1325 redduntur
943 1288 1221 1332 daemonibus,
1250 1301 1326 1325 nec

136 1350 317 1387 auxiliari
351 1351 542 1387 subiectis
576 1355 760 1400 possunt,
794 1362 870 1387 nec
903 1349 1216 1399 supplicantium
1249 1350 1325 1387 sibi

135 1412 334 1450 desideria
357 1411 420 1449 vel
444 1417 538 1448 vota
558 1410 772 1461 complere.
827 1411 1324 1462 Quinimmo,quicumque

135 1474 195 1511 his
229 1474 420 1510 sacrificia
454 1472 673 1510 simulacris
711 1473 920 1518 obtulerit,
953 1479 1140 1511 aeternas
1177 1471 1325 1512 inferni

137 1549 287 1586 poenas
320 1549 392 1585 pro
425 1535 613 1573 mercede
645 1534 857 1586 recipiet.''
912 1535 985 1572 His
1020 1535 1168 1573 auditis
1201 1535 1323 1573 iudex

136 1600 257 1634 nimio
286 1596 420 1634 furore
450 1602 688 1641 commotus,
716 1597 830 1635 caedi
859 1602 1044 1634 sanctum
1072 1597 1152 1635 Dei
1172 1595 1324 1635 confes-

135 1672 266 1697 sorem
279 1671 303 1695 a
314 1660 534 1696 tortoribus
549 1661 772 1709 praecepit,
785 1664 1000 1696 autumans
1015 1672 1058 1697 se
1074 1659 1323 1703 verberibus,

135 1734 257 1771 quam
284 1721 414 1758 verbis
443 1734 522 1757 non
550 1726 726 1770 poterat,
755 1721 882 1758 cordis
911 1723 996 1758 eius
1025 1720 1203 1758 emollire
1231 1734 1323 1758 con-

134 1785 340 1820 stantiam.
396 1782 475 1828 Qui
503 1796 594 1819 cum
615 1785 826 1820 tormentis
851 1783 1078 1820 afficeretur
1105 1784 1321 1826 acerrimis,

134 1847 341 1894 patienter
359 1843 459 1880 haec
476 1857 546 1893 pro
564 1844 753 1888 Domino,
767 1846 890 1881 immo
906 1844 1134 1895 gaudenter
1147 1843 1319 1882 ferebat.

135 1908 192 1943 At
222 1907 289 1942 ubi
318 1906 441 1943 iudex
470 1908 682 1942 tormentis
712 1905 825 1943 illum
853 1908 1032 1956 superari
1061 1905 1124 1944 vel
1153 1918 1176 1943 a
1208 1905 1319 1943 cultu

664 2000 678 2020 ²
700 2010 733 2031 ee
749 1999 800 2031 Pl.

137 2061 184 2108 38
