1473 2322
394 126 505 163 THE
543 125 872 164 VENERABLE
907 126 1056 164 BEDE

131 229 381 266 Christianae
414 228 617 279 religionis
645 232 822 266 revocari
851 242 932 266 non
958 241 1075 279 posse
1103 230 1318 280 persensit,

131 293 264 339 capite
285 303 378 328 eum
396 289 520 340 plecti
539 293 668 327 iussit.

181 351 363 402 Cumque
384 352 435 389 ad
452 357 626 389 mortem
645 352 875 396 duceretur,
893 354 1079 402 pervenit
1098 352 1151 390 ad
1167 350 1318 390 flumen

132 413 238 462 quod
251 427 365 450 muro
379 418 422 450 et
437 412 590 450 harena
600 414 620 456 ,1
641 413 709 450 ubi
726 412 930 451 feriendus
947 418 1049 458 erat,
1061 418 1202 451 meatu
1215 415 1320 464 rapi-

132 475 293 511 dissimo
314 474 592 512 dividebatur:
620 475 803 525 viditque
826 475 881 512 ibi
905 488 985 512 non
1008 487 1174 524 parvam
1193 473 1320 512 homi-

132 549 228 573 num
256 535 561 574 multitudinem
590 538 802 587 utriusque
832 549 966 580 sexus,
994 537 1234 574 conditionis
1262 536 1319 574 di-

132 610 269 635 versae
286 604 328 636 et
344 600 505 641 aetatis,
520 610 625 648 quae
640 600 726 636 sine
739 598 862 636 dubio
876 598 1111 635 Divinitatis
1124 601 1318 636 instinctu

132 660 183 696 ad
229 660 468 710 obsequium
507 660 730 697 beatissimi
769 658 1005 698 confessoris
1046 673 1092 697 ac
1130 662 1319 711 martyris

131 722 361 765 vocabatur,
379 727 421 758 et
439 724 497 758 ita
515 720 688 758 fluminis
706 723 829 771 ipsius
848 722 1073 771 occupabat
1090 726 1259 772 pontem
1273 727 1320 758 ut

128 785 234 819 intra
252 796 462 833 vesperam
479 785 650 820 transire
669 785 734 820 vix
752 788 903 833 posset.
957 783 1146 833 Denique
1165 785 1319 820 cunetis

131 858 234 893 pene
264 847 448 895 egressis,
477 845 600 882 iudex
629 846 715 882 sine
744 845 937 895 obsequio
965 847 1006 881 in
1034 846 1199 882 civitate
1228 845 1319 882 sub-

130 908 304 943 stiterat.
360 905 490 956 Igitur
519 912 681 943 sanctus
711 906 893 944 Albanus
923 907 987 943 cui
1017 906 1161 944 ardens
1188 908 1321 944 inerat

130 967 291 1005 devotio
341 970 489 1005 mentis
542 968 594 1005 ad
643 970 884 1018 martyrium
935 970 1042 1005 ocius
1095 969 1320 1017 pervenire,

130 1031 297 1067 accessit
320 1030 372 1067 ad
395 1035 633 1073 torrentem,
654 1035 697 1067 et
720 1029 896 1080 dirigens
921 1029 974 1067 ad
998 1028 1154 1066 caelum
1172 1028 1320 1074 oculos,

129 1090 232 1128 illico
253 1093 401 1128 siccato
422 1091 549 1135 alveo,
569 1091 671 1129 vidit
691 1091 841 1129 undam
861 1093 942 1128 suis
962 1093 1127 1129 cessisse
1149 1103 1194 1128 ac
1214 1093 1320 1128 viam

132 1152 290 1190 dedisse
317 1154 508 1204 vestigiis,
563 1152 683 1200 Quod
708 1166 800 1190 cum
825 1154 933 1191 inter
959 1152 1056 1190 alios
1084 1155 1208 1191 etiam
1233 1155 1320 1202 ipse

131 1213 309 1252 carnifex
326 1216 394 1264 qui
412 1227 504 1252 eum
520 1227 779 1264 percussurus
796 1220 899 1259 erat,
915 1214 1095 1258 vidisset,
1112 1213 1320 1252 festinavit

133 1277 257 1313 eiubi
277 1276 329 1313 ad
346 1276 478 1313 locum
497 1276 747 1314 destinatum
764 1278 886 1313 morti
905 1281 1318 1319 veneratoccurrere,

133 1337 279 1375 Divino
318 1340 505 1375 nimirum
544 1338 773 1376 admonitus
811 1339 1021 1382 instinctu,
1058 1339 1319 1388 proiectoque

134 1412 229 1437 ense
239 1413 366 1449 ,quem
379 1402 565 1437 strictum
579 1405 783 1444 tenuerat,
797 1399 967 1450 pedibus
983 1401 1067 1437 eius
1082 1398 1319 1443 advolvitur,

133 1460 304 1498 multum
326 1461 559 1499 desiderans
580 1466 628 1499 ut
648 1474 740 1498 cum
761 1467 941 1512 martyre
962 1460 1026 1499 vel
1047 1474 1119 1511 pro
1139 1466 1331 1512 martyre*

132 1536 253 1572 quem
288 1528 501 1573 percutere
536 1524 767 1567 iubebatur,
802 1525 889 1573 ipse
923 1524 1058 1573 potius
1093 1528 1319 1560 mereretur

130 1587 299 1634 percuti.
354 1585 465 1622 Dum
494 1598 590 1636 ergo
619 1587 651 1621 is
682 1598 732 1623 ex
762 1589 1021 1634 persecutore
1050 1582 1181 1621 factus
1211 1589 1319 1622 esset

132 1645 286 1697 collega
307 1649 489 1684 veritatis
514 1651 556 1684 et
578 1646 687 1690 fidei,
709 1659 754 1683 ac
776 1648 935 1684 iacente
957 1645 1063 1684 ferro
1085 1651 1193 1683 esset
1211 1647 1320 1684 inter

131 1707 335 1745 carnifices
390 1710 498 1745 iusta
553 1710 772 1752 cunctatio,
816 1713 999 1745 montem
1054 1720 1146 1745 cum
1189 1707 1318 1746 turbis

130 1772 475 1808 reverentissimus
488 1769 567 1807 Dei
578 1768 780 1808 confessor
791 1769 974 1807 aseendit
987 1782 996 1806 ι
1012 1771 1081 1819 qui
1092 1774 1317 1819 opportune

180 1854 193 1873 ¹
215 1853 287 1885 The
317 1853 459 1895 reading
489 1854 525 1885 of
562 1853 622 1885 the
653 1853 747 1886 MSS.
779 1853 873 1894 gives
903 1863 950 1885 no
980 1862 1104 1895 proper
1142 1853 1315 1895 meaning.

135 1896 306 1928 Plummer
322 1900 477 1938 suggests
494 1907 558 1937 quo
574 1907 690 1928 murus
708 1896 747 1928 ab
765 1896 901 1929 harena.

554 2002 566 2021 ²
589 2001 659 2033 The
677 2002 765 2033 river
781 2001 877 2033 Ooln.

137 2059 183 2091 40
