1473 2322
404 133 515 170 THE
551 132 884 170 VENERABLE
921 132 1068 170 BEDE

143 235 311 273 saltibus
358 237 548 273 continue
595 234 870 273 rebellabant:
932 240 976 272 et
1021 240 1110 272 tum
1156 237 1330 285 primum

144 307 311 343 inimicis
321 307 389 355 qui
400 318 472 355 per
484 304 631 341 multos
645 317 769 341 annos
781 304 952 354 praedas
964 306 1005 340 in
1017 309 1126 342 terra
1139 305 1331 355 agebant,

144 380 300 425 strages
334 374 431 412 dare
469 379 702 424 coeperunt.
756 373 1032 411 Revertuntur
1069 387 1165 424 ergo
1202 375 1331 423 impu-

145 444 289 482 dentes
311 448 558 494 grassatores
582 443 751 481 Hiberni
774 443 929 487 domus,
951 448 1044 492 post
1065 456 1145 480 non
1166 441 1332 493 longum

146 519 307 563 tempus
320 515 537 556 reversuri3
567 511 668 549 Picti
681 514 722 549 in
738 517 921 550 extrema
936 518 1053 562 parte
1065 511 1219 549 insulae
1234 517 1331 548 tunc

145 584 319 633 primum
364 587 408 620 et
452 582 642 632 deinceps
687 584 941 632 qujeverunt‚
979 581 1148 632 praedas
1193 587 1332 618 tamen

146 665 434 703 nonnunquam
466 652 613 690 exinde
645 657 688 690 et
718 654 978 689 contritiones
1010 651 1061 689 de
1091 651 1332 689 Brettonum

146 728 271 773 gente
292 735 412 773 agere
432 735 512 758 non
531 726 750 759 cessarunt.

198 791 392 830 Cessante
421 797 560 828 autem
588 793 815 829 vastatione
842 790 990 835 hostili,
1018 793 1142 828 tantis
1171 789 1333 840 frugum

147 864 268 911 copiis
306 861 434 898 insula
472 866 644 911 quantas
681 860 792 897 nulla
827 866 936 898 retro
979 866 1091 897 aetas
1133 861 1332 903 meminit,

146 931 308 968 affluere
337 933 492 980 coepit:
535 943 626 967 cum
655 931 799 980 quibus
829 935 872 967 et
898 929 1057 967 luxuria
1076 942 1269 974 crescere,
1289 933 1333 967 et

146 1000 249 1038 hanc
299 1002 488 1037 continuo
540 1002 718 1037 omnium
767 999 854 1037 lues
905 999 1100 1037 scelerum
1151 1000 1333 1036 comitari

147 1070 404 1114 adceleravit,
424 1069 638 1107 crudelitas
667 1071 897 1119 praecipue,
918 1073 961 1107 et
988 1069 1123 1106 odium
1152 1070 1333 1106 veritatis

147 1153 339 1190 amorque
371 1139 583 1183 mendacii,
616 1141 674 1176 ita
705 1144 752 1176 ut
784 1140 906 1189 siquis
941 1151 1077 1176 eorum
1109 1140 1258 1183 mitior,
1290 1143 1334 1176 et

147 1211 309 1248 veritati
331 1208 584 1259 aliquatenus
607 1211 767 1258 propior
788 1208 1007 1253 videretur,
1029 1210 1070 1245 in
1091 1207 1198 1245 hunc
1220 1210 1333 1258 quasi

148 1280 372 1317 Brittaniae
400 1279 692 1323 subversorem,
721 1281 900 1315 omnium
929 1278 1021 1315 odia
1053 1277 1217 1328 telaque
1247 1280 1331 1315 sine

148 1355 335 1399 respectu
350 1353 724 1399 contorquerentur.
779 1348 834 1385 Et
849 1361 930 1385 non
941 1347 1070 1385 solum
1084 1347 1185 1384 haec
1197 1359 1333 1384 saecu-

148 1419 251 1457 lares
291 1420 377 1463 viri,
417 1418 489 1456 sed
530 1419 654 1456 etiam
694 1419 780 1468 ipse
819 1431 919 1468 grex
960 1417 1125 1454 Domini
1166 1419 1332 1468 eiusque

148 1495 329 1539 pastores
351 1493 523 1538 egerunt
535 1499 545 1531 ;
575 1488 778 1532 ebrietati,
800 1489 1059 1532 animositati,
1078 1486 1222 1537 litigio,
1241 1499 1334 1524 con-

148 1561 336 1603 tentioni,
365 1558 552 1601 invidiae,
581 1559 807 1607 ceterisque
835 1556 1063 1594 huiusmodi
1091 1556 1331 1594 facinoribus

149 1642 222 1666 sua
266 1627 379 1673 colla,
425 1628 584 1665 abiecto
628 1626 706 1664 levi
751 1629 845 1677 iugo
891 1626 1052 1671 Christi,
1097 1626 1330 1664 subdentes.

150 1699 314 1737 Interea
350 1698 483 1734 subito
521 1702 734 1746 corruptae
770 1698 918 1734 mentis
962 1695 1143 1734 homines
1188 1697 1333 1734 acerba

149 1771 273 1819 pestis
303 1769 507 1817 corripuit,
528 1778 632 1817 quae
651 1768 692 1802 in
711 1766 823 1804 brevi
851 1771 1010 1803 tantam
1038 1769 1123 1804 eius
1149 1765 1332 1803 multitu-

149 1839 285 1876 dinem
307 1840 449 1875 stravit
472 1842 519 1874 ut
540 1849 592 1873 ne
614 1835 855 1885 sepeliendis
879 1836 1042 1886 quidem
1064 1838 1232 1873 mortuis
1255 1838 1332 1873 vivi

147 1908 397 1946 sufficerent:
429 1906 501 1944 sed
518 1919 569 1943 ne
586 1911 717 1943 morte
736 1905 900 1955 quidem
917 1918 1078 1942 suorum
1095 1918 1170 1942 nec
1187 1907 1332 1943 timore

147 1980 302 2021 mortis,
314 1976 354 2013 hi
368 1978 435 2028 qui
447 1980 685 2026 supererant
697 1988 718 2011 a
730 1981 861 2012 morte
874 1977 1030 2012 animae
1039 1987 1118 2025 qua
1129 1975 1332 2025 peccando

153 2064 199 2102 66
