1473 2322
466 153 577 190 THE
613 152 944 209 VENERABLE
979 152 1127 190 BEDE

204 255 382 304 undique
416 259 460 292 et
493 253 660 303 implere
694 254 978 303 incipientibus
1012 267 1156 292 navem
1190 254 1391 299 fluctibus,

202 314 377 345 mortem
415 308 490 344 sibi
528 320 667 344 omnes
705 309 930 352 imminere,
967 310 1210 358 iamiamque
1249 309 1390 346 adesse

204 362 402 404 viderent,
427 361 595 398 tandem
620 361 834 411 presbyter
858 363 1117 398 reminiscens
1142 362 1265 399 verba
1290 365 1391 399 anti-

204 417 324 459 stitis,
345 415 560 463 adsumpta
580 413 756 464 ampulla
775 416 884 451 misit
904 415 955 452 de
975 415 1064 452 oleo
1083 417 1124 451 in
1144 421 1329 465 pontum,
1349 421 1393 453 et

204 471 358 513 statim,
388 473 435 505 ut
465 468 718 517 praedictum
749 473 851 513 erat,
881 481 953 505 suo
985 471 1138 518 quievit
1169 482 1192 505 a
1222 469 1390 507 fervore.

204 522 348 572 Sic-que
384 521 538 558 factum
573 527 649 566 est,
683 527 730 558 ut
764 524 823 558 vir
856 521 936 559 Dei
971 528 1014 560 et
1049 536 1120 571 per
1154 522 1392 572 prophetiae

204 579 389 626 spiritum
421 581 712 625 tempestatem
744 575 992 625 praedixerit
1023 575 1216 621 futuram,
1248 582 1291 614 et
1322 590 1394 626 per

205 633 398 667 virtutem
430 630 610 667 eiusdem
641 631 818 679 spiritus,
849 628 952 666 hanc
983 635 1181 675 exortam,
1212 633 1393 680 quamvis

205 683 464 733 corporaliter
487 684 645 728 absens,
669 685 871 733 sopiverit.
927 682 1048 720 Cuius
1072 684 1254 721 ordinem
1276 686 1394 721 mira-

205 737 281 774 culi
301 751 382 774 non
400 735 571 787 quilibet
589 737 734 774 dubius
753 736 916 781 relator,
935 737 1006 774 sed
1026 736 1278 774 fidelissimus
1296 737 1393 774 mihi

204 796 366 829 nostrae
410 790 602 828 ecclesiae
645 791 872 840 presbyter,
915 790 1145 840 Cynimund
1188 791 1394 835 vocabulo,

206 847 396 888 narravit,
419 846 486 894 qui
508 857 551 881 se
572 843 646 880 hoe
669 845 719 880 ab
739 846 825 893 ipso
848 843 953 880 Utta
973 845 1227 894 presbytero,
1247 846 1288 880 in
1310 857 1391 894 quo

207 904 249 936 et
272 912 344 948 per
367 911 489 947 quem
513 897 759 947 completum
785 903 860 942 est,
885 897 1043 935 audisse
1067 896 1319 947 perhibebat.

675 1132 742 1169 CA
750 1132 792 1169 P.
830 1131 925 1169 XVI

213 1219 262 1257 Ut
284 1218 378 1256 idem
402 1217 586 1256 admotum
610 1217 656 1255 ab
679 1217 841 1255 hostibus
865 1217 945 1255 urbi
967 1218 1091 1270 regiae
1112 1218 1232 1270 ignem
1255 1217 1396 1256 orando

717 1272 902 1309 amoverit.

257 1359 391 1396 AL1UD
405 1358 585 1396 eiusdem
598 1360 723 1408 patris
735 1357 996 1396 memorabile
1011 1358 1247 1396 miraculum
1259 1358 1397 1397 ferunt

206 1412 323 1450 multi
356 1414 424 1462 qui
456 1425 572 1449 nosse
604 1417 838 1462 potuerunt.
894 1411 998 1449 Nam
1029 1417 1213 1462 tempore
1245 1414 1396 1463 episco-

206 1472 326 1517 patus
344 1469 443 1510 eius,
459 1464 613 1503 hostilis
632 1465 876 1503 Merciorum
894 1469 1108 1510 exercitus,
1126 1465 1264 1504 Penda
1279 1466 1396 1511 duce,

207 1519 634 1570 Nordanhymbrorum
645 1522 830 1569 regiones
840 1522 963 1569 impia
975 1519 1088 1558 clade
1099 1519 1219 1570 longe
1230 1519 1396 1570 lateque

207 1575 437 1618 devastans,
455 1576 640 1624 pervenit
659 1574 711 1611 ad
729 1574 871 1611 urbem
889 1587 1016 1623 usque
1034 1576 1202 1624 regiam,
1221 1587 1326 1624 quae
1345 1587 1396 1612 ex

207 1629 371 1666 Bebbae
408 1628 611 1678 quondam
646 1630 811 1678 reginae
847 1627 1040 1665 vocabulo
1076 1630 1396 1677 cognominatur,

208 1696 379 1732 eamque
409 1684 502 1731 quia
530 1695 663 1732 neque
693 1683 826 1727 armis,
853 1694 987 1731 neque
1015 1682 1222 1720 obsidione
1250 1695 1395 1731 capere

207 1741 383 1787 poterat,
404 1735 575 1772 flammis
597 1736 809 1773 absumere
831 1741 999 1773 conatus
1022 1741 1107 1774 est:
1143 1735 1395 1785 discissisque

208 1789 344 1827 viculis
362 1802 461 1840 quos
478 1791 519 1826 in
537 1791 679 1826 vicinia
697 1790 805 1826 urbis
822 1791 991 1834 invenit,
1010 1789 1174 1827 advexit
1190 1789 1258 1826 illo
1275 1789 1396 1839 pluri-

207 1857 315 1881 mam
345 1845 575 1894 congeriem
606 1844 797 1888 trabium,
826 1845 1045 1893 tignorum,
1075 1845 1291 1893 parietum,
1321 1845 1395 1879 vir-

327 1988 338 2006 1
362 1987 433 2018 The
449 1987 539 2026 joint
554 1990 754 2028 monastery
770 1987 805 2021 of
821 1986 1045 2021 Wearmouth
1061 1986 1131 2017 and
1145 1986 1289 2018 Jarrow.

325 2030 336 2048 ²
362 2030 614 2072 Bamborough.

206 2102 276 2137 402
