1473 2322
461 127 571 166 THE
609 128 940 166 VENERABLE
976 128 1125 167 BEDE

198 233 443 270 diversorum
458 234 820 282 promontoriorum
834 232 1044 275 tractibus,
1058 232 1202 281 quibus
1216 231 1385 269 efficitur

199 292 245 323 ut
265 288 453 323 circuitus
475 285 561 322 eius
583 285 823 335 quadragies
844 287 970 322 octies
990 287 1251 335 septuaginta
1271 287 1385 334 quin-

200 352 278 389 que
324 339 433 375 milia
478 338 693 388 compleat.
749 338 888 375 Habet
932 351 956 374 a
999 338 1167 374 meridie
1213 337 1384 375 Galliam

201 392 418 442 Belgicam,
466 394 578 428 cuius
626 394 852 441 proximum
901 391 996 428 litus
1043 391 1384 428 transmeantibus

199 448 329 494 aperit
359 447 498 482 civitas
529 457 634 494 quae
665 445 811 482 dicitur
841 444 993 481 Rutubi
1023 450 1177 493 portus,
1207 457 1231 481 a
1260 449 1384 494 gente

199 498 422 548 Anglorum
446 511 550 535 nunc
573 504 759 547 corrupte
783 497 1063 547 Reptacaestir
1085 502 1241 542 vocata,
1262 500 1385 535 inter-

199 555 330 602 posito
361 554 461 588 mari
495 565 519 588 a
551 551 785 588 Gessoriaco
820 551 1070 588 Morinorum
1103 553 1236 601 gentis
1268 550 1384 588 h'tore

200 607 395 655 proximo,
437 606 611 641 traiectu
653 604 808 641 milium
850 606 1159 654 quinquaginta,
1200 606 1297 648 sive,
1339 610 1386 641 ut

200 659 364 709 quidam
387 661 594 707 scripsere,
617 658 838 695 stadiorum
861 657 1247 708 quadringentorum
1272 659 1386 707 quin-

199 714 407 762 quaginta.
462 712 498 748 A
539 717 655 761 tergo
696 717 850 755 autem,
890 711 998 748 unde
1038 723 1189 748 oceano
1228 710 1385 748 infinito

200 771 331 815 patet,
353 765 530 802 Orcadas
550 764 698 801 insulas
719 764 856 801 habet.

251 818 398 868 Opima
420 817 602 868 frugibus
626 824 749 868 atque
773 818 980 855 arboribus
1002 817 1144 862 insula,
1167 822 1211 854 et
1233 816 1385 855 alendis

201 878 297 922 apta
314 872 523 921 pecoribus
544 885 590 908 ac
605 871 796 908 iumentis
811 883 820 915 ;
851 873 987 908 vineas
1005 873 1128 908 etiam
1146 870 1386 921 quibusdam

201 928 240 962 in
258 925 352 962 locis
368 927 598 976 germinans
613 938 620 961 :
652 925 724 962 sed
742 930 784 962 et
802 927 933 961 avium
951 923 1064 961 ferax
1081 930 1190 961 terra
1205 927 1387 974 marique

200 981 359 1029 generis
404 979 561 1015 diversi.
629 978 775 1015 Fluviis
809 990 971 1028 quoque
1004 977 1176 1014 multum
1210 979 1387 1027 piscosis,

202 1046 247 1069 ac
278 1031 456 1069 fontibus
482 1031 688 1081 praeclara
711 1034 893 1081 copiosis,
918 1037 960 1068 et
985 1031 1148 1080 quidem
1172 1033 1387 1080 praecipue

201 1088 329 1122 issicio
384 1085 565 1122 abundat
619 1091 661 1122 et
716 1085 903 1135 anguilla.
973 1084 1196 1134 Capiuntur
1250 1090 1387 1122 autem

202 1141 433 1188 saepissime
460 1144 503 1175 et
528 1138 641 1174 vituli
666 1141 822 1182 marini,
849 1144 891 1175 et
917 1137 1139 1187 delphines,
1164 1150 1321 1175 necnon
1346 1143 1389 1175 et

202 1193 385 1229 ballenae
399 1205 407 1228 :
437 1194 617 1241 exceptis
631 1194 827 1228 variorum
841 1192 1056 1242 generibus
1070 1191 1365 1241 conchyliorum
1379 1203 1388 1235 3

203 1249 241 1282 in
267 1246 411 1296 quibus
436 1251 530 1282 sunt
556 1251 598 1282 et
626 1245 844 1289 musculae,
870 1245 1014 1295 quibus
1043 1244 1236 1282 inclusam
1264 1257 1388 1295 saepe

204 1301 477 1349 margaritam,
488 1301 616 1335 omnis
629 1299 792 1348 quidem
805 1298 944 1335 coloris
956 1301 1151 1348 optimam
1163 1301 1388 1342 inveniunt,

203 1353 243 1390 id
280 1358 355 1396 est,
393 1358 435 1389 et
472 1352 696 1396 rubicundi,
733 1357 776 1388 et
811 1354 1015 1401 purpurei,
1052 1357 1095 1389 et
1131 1354 1310 1388 iacintini
1347 1357 1390 1389 et

202 1408 364 1456 prasini,
383 1406 456 1443 sed
474 1407 650 1442 maxime
673 1406 844 1443 candidi.
899 1405 1002 1442 Sunt
1021 1411 1064 1442 et
1082 1404 1270 1442 cochleae
1292 1407 1388 1442 satis

203 1472 404 1509 superque
454 1459 722 1503 abundantes,
772 1459 916 1509 quibus
979 1461 1156 1496 tinctura
1215 1461 1387 1496 coccinei

203 1513 342 1550 coloris
382 1512 604 1556 conficitur,
641 1515 753 1549 cuius
795 1513 914 1549 rubor
953 1511 1242 1561 pulcherrimus
1281 1511 1389 1549 nullo

204 1579 382 1616 unquam
412 1565 503 1603 solis
534 1566 690 1610 ardore,
716 1565 826 1602 nulla
854 1565 964 1603 valet
992 1565 1216 1615 pluviarum
1245 1567 1390 1603 iniuria

203 1619 444 1669 pallescere3
493 1619 565 1656 sed
600 1632 679 1669 quo
715 1621 911 1656 vetustior
946 1624 1023 1663 est,
1058 1631 1106 1656 eo
1152 1618 1256 1657 solet
1301 1631 1389 1656 esse

204 1675 419 1710 venustior.
474 1672 613 1710 Habet
635 1671 768 1709 fontes
791 1672 1021 1717 salinarum,
1043 1671 1169 1710 habet
1191 1677 1235 1709 et
1256 1671 1390 1710 fontes

203 1726 365 1770 calidos,
385 1732 428 1763 et
456 1739 506 1763 ex
533 1728 589 1763 eis
612 1725 751 1762 fluvios
776 1725 1011 1763 balnearum
1030 1725 1263 1770 calidarum,
1281 1727 1390 1763 omm'

204 1782 330 1816 aetati
353 1785 395 1816 et
416 1781 529 1816 sexui
550 1792 623 1829 per
643 1779 833 1816 distincta
853 1778 953 1823 loca,
972 1779 1089 1816 iuxta
1108 1792 1224 1815 suum
1245 1781 1390 1829 cuique

204 1833 365 1870 modum
424 1833 711 1869 accommodos.
766 1834 886 1882 Aqua
941 1835 1048 1869 enim
1104 1833 1167 1882 (ut
1228 1838 1389 1869 sanetus

353 1958 364 1977 ¹
388 1957 645 1998 Richborough,
662 1957 798 1999 usually
816 1957 972 1998 Rutupae
989 1966 1027 1988 οι·
1044 1956 1133 1988 Rutu
1137 1956 1225 1997 piae.

356 2001 367 2019 ‘2
393 2000 580 2037 13oulome,
599 2000 763 2032 Bononia.

213 2074 252 2098 12
