1473 2322
377 142 490 180 THE
529 141 860 180 VENERABLE
898 141 1048 180 BEDE

121 246 204 283 eius
232 244 543 295 intelligentiam
572 249 733 281 tuarum
762 243 1089 281 adhortationum
1117 244 1303 293 frequen-

120 306 273 341 tatione
315 303 547 347 succendat,
590 308 636 340 ut
676 303 858 353 profecto
899 316 1035 341 sacrae
1077 302 1304 353 Scripturae

120 364 396 400 testimonium
440 375 512 411 per
555 366 597 399 te
643 361 853 411 expletum
896 361 1175 399 indubitanter
1217 374 1306 411 per-

120 420 291 458 clareat:
354 420 609 458 ‘Salvabitur
657 423 714 457 vir
761 420 930 458 infidelis
979 433 1051 470 per
1097 419 1306 458 mulierem

123 479 309 517 fidelem?
362 480 427 516 Ad
457 479 532 517 hoc
563 481 669 517 enim
699 479 1011 517 misericordiam
1070 478 1306 515 Dominicae

120 540 282 587 pietatis
303 543 518 576 consecuta
537 551 593 582 es,
613 542 658 574 ut
677 538 853 575 fructum
872 537 964 575 fidei
984 537 1307 586 creditorumque

121 597 193 634 tibi
216 597 500 635 beneficiorum
523 596 785 646 Redemptori
808 601 878 633 tuo
900 596 1165 646 multiplicem
1186 598 1307 646 resig-

122 669 247 694 nares.
303 656 422 703 Quod
451 656 640 706 equidem
668 654 914 706 suffragante
942 655 1141 705 praesidio
1169 655 1307 705 benig-

122 718 258 754 nitatis
285 718 421 765 ipsius,
448 720 494 752 ut
522 714 684 764 explere
713 714 860 758 valeas,
887 714 1052 752 assiduis
1080 727 1161 751 non
1187 714 1308 752 desis—

123 777 240 813 timus
269 776 452 825 precibus
481 773 697 824 postulare.

173 833 194 846 ‘¹
214 833 286 872 His
319 847 414 883 ergo
445 835 685 882 praemissis,
716 836 911 882 paternae
943 832 1053 869 vobis
1085 830 1308 869 dilectionis

123 892 360 931 exhibentes
378 892 517 935 officia,
535 891 755 935 hortamur,
774 895 820 927 ut
837 904 908 928 nos
925 894 1089 940 reperta
1105 891 1308 940 portitoris

121 954 342 996 occasione,
379 951 429 989 de
466 950 526 989 his
564 964 667 1000 quae
704 963 776 1000 per
812 963 879 988 vos
916 962 1090 999 superna
1125 951 1308 999 potentia

122 1010 357 1048 mirabiliter
392 1012 430 1046 in
467 1011 724 1047 conversione
759 1011 937 1059 coniugis
972 1010 1094 1046 vestri
1128 1010 1309 1046 summis-

122 1084 271 1120 saeque
291 1071 400 1107 vobis
421 1071 552 1120 gentis
573 1069 761 1119 dignatus
781 1068 904 1106 fuerit
923 1069 1093 1117 operari,
1111 1069 1308 1117 prosperis

123 1131 358 1180 quantocius
402 1129 552 1166 nuntiis
596 1127 798 1171 relevetis,
843 1130 1042 1176 quatenus
1086 1125 1309 1164 sollicitudo

123 1192 272 1233 nostra,
292 1200 396 1237 quae
417 1187 468 1225 de
488 1188 610 1224 vestri
630 1190 934 1235 vestrorumque
954 1187 1132 1222 omnium
1153 1186 1308 1221 animae

122 1246 253 1286 salute
283 1245 474 1296 optabilia
506 1245 783 1284 desideranter
814 1248 1040 1294 exspectat,
1070 1244 1180 1282 vobis
1211 1257 1310 1280 nun-

124 1307 317 1344 tiantibus
354 1305 570 1348 relevetur,
601 1304 991 1353 illustrationemque
1024 1303 1182 1340 divinae
1222 1315 1310 1352 pro—

123 1367 343 1417 pitiationis
368 1367 409 1401 in
435 1365 543 1401 vobis
569 1362 753 1401 diffusam
777 1362 1005 1412 opulentius
1032 1366 1309 1412 agnoscentes,

124 1424 238 1461 hilari
260 1423 508 1461 confessione
532 1421 711 1472 largitori
734 1423 913 1458 omnium
935 1421 1131 1458 bonorum
1154 1419 1244 1458 Deo
1268 1424 1310 1458 et

124 1485 245 1521 beato
290 1480 410 1519 Petro
454 1480 726 1530 apostolorum
768 1481 935 1530 principi
980 1479 1123 1517 uberes
1165 1480 1310 1516 merito

125 1544 274 1593 gratias
300 1539 562 1579 exsolvamus.

176 1601 198 1614 “
219 1599 436 1638 Praeterea
454 1598 780 1636 benedictionem
800 1598 1038 1647 protectoris
1059 1597 1180 1634 vestri
1199 1596 1309 1633 beati

128 1660 236 1697 Petri
264 1657 535 1709 apostolorum
563 1658 751 1707 principis
771 1656 881 1693 vobis
901 1656 1118 1693 direximus
1131 1667 1141 1699 ;
1173 1654 1215 1692 id
1234 1658 1310 1700 est,

128 1717 333 1769 speculum
378 1720 632 1767 argenteum,
679 1719 722 1753 et
766 1717 970 1765 pectinem
1017 1715 1207 1752 eboreum
1252 1715 1310 1750 in-

128 1781 334 1815 auratum:
379 1775 486 1826 quod
515 1776 704 1824 petimus,
735 1778 780 1811 ut
809 1786 857 1812 eo
886 1774 1148 1823 benignitatis
1178 1773 1309 1809 animo

127 1836 253 1887 gloria
282 1838 415 1872 vestra
444 1835 648 1884 suscipiat,
678 1845 757 1883 quo
787 1845 811 1869 a
840 1832 953 1870 nobis
983 1833 1159 1869 noscitur
1188 1830 1308 1869 desti-

128 1893 309 1932 natum.’'

570 2003 584 2023 ²
609 2004 623 2033 1
644 2002 721 2034 Cor.
740 2002 799 2033 vii.
819 2002 872 2033 14.

130 2058 200 2094 268
