1473 2322
152 205 206 225 cAP

132 218 231 273 qui

168 350 232 381 IX.

170 653 233 685 XI.

150 762 233 794 XII.

131 915 232 946 XIII.

138 1070 189 1101 XI
196 1070 233 1101 V.

157 1179 234 1211 XV.

139 1291 235 1324 XVI.

120 1446 234 1478 XVII.

102 1601 236 1633 XVIII.

138 1756 237 1787 XIX.

158 1910 238 1941 XX.

356 137 648 176 ELENCHUS
688 137 887 175 CAPITU
897 136 940 172 M

255 241 305 273 Ut
341 239 536 271 Bonifatius
578 248 670 280 papa
706 238 804 269 Iusto
839 238 1025 268 successori
1059 237 1132 268 eius

299 283 441 325 pallium
458 285 494 313 et
510 282 693 323 epistolam
711 282 842 312 miserit
861 281 952 320 [625]
1002 305 1008 311 .

258 350 308 381 De
333 349 476 389 imperio
501 349 587 388 regis
612 347 772 382 Aeduini‚
797 350 833 378 et
859 350 898 377 ut
925 347 1063 376 veniens
1088 345 1133 376 ad

299 388 1133 432 evangelizandumeiPaulinus‚p¹·imofiliameius

299 445 377 466 eum
415 434 500 466 aliis.
539 433 618 464 fidei
656 433 869 464 Christianae
907 432 1132 462 sacramentis

301 477 463 508 imbuerit
479 476 572 516 [625]

226 568 232 575 .
257 543 307 575 Ut
338 553 429 584 papa
461 542 657 574 Bonifatius
688 542 847 572 eumdem
878 551 991 579 regem
1024 540 1134 571 missis

300 587 408 618 literis
426 586 470 616 sit
489 585 648 616 hortatus
667 585 711 615 ad
729 585 831 615 fidem
851 584 888 623 [?
907 579 985 622 625]
1011 608 1017 614 .

257 653 308 685 Ut
338 652 517 692 coniugem
547 651 665 692 ipsius,
698 661 758 692 per
788 650 981 691 epistolam,
1013 650 1135 680 salutis

300 695 391 726 illius
404 694 558 725 sedulam
572 704 670 734 agere
684 704 801 724 curam
816 694 987 724 monuerit
1001 693 1012 732 [
1026 696 1037 724 ⁸?
1057 693 1134 732 625]

257 761 308 794 Ut
326 761 485 797 Aeduini‚
504 770 564 802 per
582 760 748 791 visionem
767 759 943 799 quondam
961 759 1026 790 sibi
1044 759 1136 790 exuli

300 808 486 839 ostensam,
521 804 567 835 sit
601 803 647 834 ad
681 803 889 833 credendum
926 805 1134 843 provocatus

304 847 484 887 [613-617]

259 914 367 952 Quale
384 913 563 945 consilium
580 913 670 944 idem
689 923 766 943 cum
786 912 991 953 primatibus
1007 913 1077 943 suis
1094 912 1135 942 de

303 956 521 998 percipienda
552 955 618 986 fido
650 956 776 987 Christi
808 955 984 987 habuerit:
1029 958 1064 985 et
1097 958 1136 985 ut

303 999 460 1041 pontifex
476 1000 548 1030 eius
564 1008 643 1029 suas
660 1009 737 1029 aras
753 998 989 1039 profanaverit
1006 998 1099 1037 [627]
1122 1022 1130 1029 .

258 1069 308 1102 Ut
338 1069 428 1100 idem
459 1068 607 1099 Aeduini
636 1078 714 1099 cum
745 1078 807 1099 sua
837 1071 938 1107 gente
966 1067 1074 1098 fidelis
1097 1067 1143 1098 sit

303 1112 435 1147 factus;
462 1114 497 1142 et
512 1110 570 1142 ubi
585 1111 749 1142 Paulinus
764 1110 994 1151 baptizaverit
1009 1110 1102 1149 [627]
1123 1134 1130 1141 ,

258 1177 308 1210 Ut
343 1177 520 1219 provincia
550 1177 777 1208 Orientalium
812 1176 1001 1217 Anglorum
1036 1175 1139 1206 fidem

305 1221 431 1252 Christi
450 1221 637 1261 susceperit
657 1220 838 1259 [627-628]

260 1290 310 1322 Ut
343 1290 519 1322 Paulinus-
541 1290 577 1321 in
612 1289 789 1330 provincia
822 1289 970 1320 Lindissi
1005 1288 1135 1329 praedi-

303 1334 452 1369 caverit;
501 1334 538 1364 et
573 1332 616 1363 de
652 1332 823 1372 qualitate
859 1332 953 1372 regni
990 1331 1137 1362 Aeduini

305 1375 486 1416 [627-631]

258 1445 308 1477 Ut
319 1445 410 1477 idem
423 1445 467 1476 ab
480 1445 635 1476 Honorio
648 1455 738 1485 papa
750 1443 1003 1475 exhortatorias
1016 1444 1134 1475 literas

304 1489 486 1570 ῗὲἕὲῗθτίῐ,
500 1488 559 1528 qui
572 1488 677 1518 etiam
693 1487 837 1518 Paulino
851 1487 993 1528 pallium
1008 1487 1139 1518 miserit

260 1600 310 1631 Ut
327 1600 511 1636 Honorius,
530 1599 589 1640 qui
605 1599 703 1630 Iusto
721 1600 756 1630 in
773 1600 1011 1640 episcopatum
1030 1598 1136 1629 Doro-

307 1643 480 1674 vernensis
493 1642 653 1673 ecclesiae
667 1644 841 1677 successit,
854 1641 899 1672 ab
913 1641 1032 1672 eodem
1048 1651 1139 1682 papa

307 1685 461 1717 Honorio
477 1685 620 1726 pallium
637 1687 672 1716 et
687 1685 804 1716 literas
821 1685 991 1725 acceperit
999 1683 1101 1724 ’[634]
1125 1708 1132 1715 .

262 1756 312 1787 Ut
343 1755 453 1796 primo
477 1754 568 1786 idem
599 1754 773 1785 Honorius
797 1757 833 1785 et
858 1756 936 1794 post
967 1753 1138 1785 Iohannes

305 1798 422 1829 literas
441 1798 535 1838 genti
556 1796 753 1828 Scottorum
774 1807 834 1837 pro
849 1796 976 1837 pascha
989 1796 1089 1827 simul
1103 1798 1139 1827 et

308 1850 369 1881 pro
386 1840 570 1880 Pelagiana
587 1839 716 1871 haeresi
734 1840 888 1870 miserint
906 1839 1086 1878 [629-640]
1126 1862 1133 1869 .

262 1909 312 1941 Ut
333 1909 443 1941 occiso
464 1908 621 1940 Aeduino
641 1909 805 1940 Paulinus
825 1908 985 1940 Cantiam
1006 1908 1139 1939 rediens

309 1951 487 1983 Hrofensis
509 1951 670 1983 ecclesiae
695 1951 928 1992 praesulatum
952 1951 1140 1992 susceperit

310 1995 403 2034 [633]
466 2016 476 2026 .

1165 198 1241 219 PAGE

1118 303 1126 310 .
1178 279 1242 310 240

1181 692 1244 723 262

1123 869 1129 875 .
1182 845 1246 875 270

1183 997 1246 1027 280

1183 1110 1246 1140 288

1124 1242 1132 1250 .
1183 1219 1246 1249 292

1124 1397 1134 1406 .
1184 1374 1248 1405 290

1125 1553 1133 1561 .
1185 1529 1248 1559 300

1186 1684 1249 1715 304

1186 1838 1249 1870 308

1126 2015 1134 2023 .
1186 1992 1249 2023 314

1208 2053 1248 2087 ix
