1473 2322
384 147 494 184 THE
534 145 864 183 VENERABLE
899 145 1046 182 BEDE

124 255 345 289 ministerio
381 253 530 301 iugiter
565 252 844 300 persistentes,
879 247 1071 286 laudabili
1109 250 1308 298 patientia

124 310 446 359 redemptionem
477 311 611 359 gentis
643 307 747 345 illius
780 309 1060 357 exspectastis,
1093 311 1135 345 et
1166 308 1308 344 vestris

124 374 169 405 ut
189 368 432 418 proficerent
450 370 620 412 meritis,
641 381 780 405 eorum
801 371 864 404 est
883 365 1052 404 salvatio
1072 367 1308 415 propinata3

123 428 284 465 dicente
324 426 523 464 Domino:
578 426 586 439 ‘
606 426 685 473 Qui
731 427 1051 476 perseveraverit
1095 437 1223 474 usque
1267 426 1310 460 in

123 486 259 531 finem,
303 485 366 523 hic
410 485 541 523 salvus
587 484 691 523 erit.'
745 484 897 522 Salvati
947 498 1043 535 ergo
1093 485 1189 522 estis
1237 496 1309 533 spe

122 547 361 595 patientiae,
381 549 422 583 et
441 544 682 583 tolerantiae
703 546 867 588 virtute,
886 547 932 581 ut
949 542 1172 580 infidelium
1190 542 1310 580 corda

122 603 296 642 naturali
319 617 365 641 ac
393 606 673 654 superstitioso
702 604 841 641 morbo
869 607 1056 654 purgata,
1086 604 1146 640 sui
1174 615 1311 639 conse-

123 667 345 714 querentur
361 663 675 700 misericordiam
693 661 923 700 Salvatoris.
977 660 1181 711 Susceptis
1198 673 1310 698 nam-

123 736 203 772 que
232 723 411 772 apicibus
441 721 510 758 filii
539 723 664 759 nostri
693 720 913 759 Adulualdi
940 722 1061 771 regis,
1089 721 1310 770 reperimus

123 785 279 831 quanta
294 783 395 819 sacri
413 780 561 830 eloquii
580 780 807 818 eruditione
825 782 910 818 eius
928 782 1107 816 animum
1123 779 1176 817 ad
1191 792 1310 817 verae

122 841 389 877 conversionis
410 843 454 876 et
473 839 729 876 indubitatae
750 838 844 876 fidei
864 837 1149 876 credulitatem
1167 837 1311 875 frater-

123 901 228 937 nitas
245 903 379 936 vestra
395 899 644 948 perduxerit.
700 897 792 945 Qua
808 911 858 936 ex
874 911 918 935 re
934 898 985 936 de
1000 897 1311 948 longanimitate

121 957 363 995 clementiae
399 956 584 994 caelestis
621 961 774 994 certam
812 957 1072 994 adsumentes
1108 956 1310 997 fiduciam,

122 1031 201 1055 non
243 1016 372 1055 solum
413 1019 713 1067 suppositarum
751 1019 787 1055 ei
822 1019 1006 1068 gentium
1038 1015 1311 1066 plenissimam

122 1077 310 1123 salutem,
349 1080 472 1114 immo
512 1090 673 1128 quoque
713 1079 946 1121 vicinarum,
986 1081 1145 1115 vestrae
1196 1089 1312 1127 prae-

122 1139 332 1176 dicationis
360 1139 583 1175 ministerio
611 1137 810 1175 credimus
838 1137 1187 1187 subsequendam:
1215 1149 1312 1187 qua-

123 1202 256 1242 tenus,
284 1200 389 1235 sicut
416 1199 611 1246 scriptum
640 1201 717 1241 est,
745 1198 1013 1234 consummati
1041 1198 1172 1246 operis
1200 1196 1311 1233 vobis

122 1271 276 1296 merces
319 1271 344 1294 a
384 1257 630 1295 retributore
673 1259 853 1294 omnium
895 1258 1090 1294 bonorum
1134 1255 1311 1294 Domino

123 1319 339 1361 tribuatur,
358 1321 402 1354 et
421 1330 515 1355 vere
535 1317 542 1329 ‘
564 1316 641 1355 Per
664 1330 827 1354 omnem
849 1321 1001 1355 terram
1019 1319 1149 1355 exisse
1169 1330 1312 1354 sonum

123 1391 275 1422 eorum,
314 1382 357 1415 et
394 1380 435 1414 in
474 1377 573 1414 fines
612 1377 717 1415 orbis
763 1382 898 1415 terrae
936 1378 1060 1415 verba
1105 1376 1311 1427 ipsorum‚'

122 1435 355 1476 universalis
385 1439 571 1488 gentium
601 1436 812 1481 confessio,
841 1441 1029 1487 suscepto
1059 1436 1311 1475 Christianae

122 1501 377 1535 sacramento
399 1497 508 1541 fidei,
529 1500 792 1547 protestetur.

174 1555 198 1569 “
217 1555 387 1593 Pallium
435 1560 649 1606 praeterea
696 1569 770 1606 per
816 1555 988 1593 latorem
1035 1558 1310 1606 praesentium

120 1615 371 1652 fraternitati
394 1619 505 1659 tuae,
529 1615 794 1665 benignitatis
817 1615 959 1653 studiis
983 1617 1142 1652 invitati
1165 1615 1311 1654 direxi-

122 1687 226 1718 mus,
261 1674 370 1724 quod
406 1673 595 1711 videlicet
629 1677 793 1710 tantum
833 1676 875 1710 in
909 1676 1172 1712 sacrosanctis
1207 1673 1311 1712 cele-

123 1733 284 1770 brandis
325 1735 527 1783 mysteriis
568 1732 710 1770 utendi
750 1731 956 1770 licentiam
994 1734 1310 1783 impertivimus:

121 1791 392 1829 concedentes
431 1794 555 1829 etiam
593 1791 668 1829 tibi
706 1791 979 1830 ordinationes
1018 1793 1309 1841 episcoporum,

123 1852 315 1900 exigente
333 1852 654 1900 opportunitate,
670 1849 835 1887 Domini
852 1852 1141 1900 praeveniente
1157 1852 1310 1888 miseri-

120 1909 255 1946 cordia
281 1907 509 1947 celebrare:
551 1911 610 1945 ita
637 1912 684 1945 ut
712 1908 860 1946 Christi
897 1908 1164 1959 Evangelium
1188 1908 1310 1959 pluri-

175 2021 188 2040 ²
212 2021 339 2052 Matth.
356 2031 389 2052 x.
406 2021 458 2053 22.
608 2020 621 2040 2
643 2020 704 2052 Le.
721 2019 889 2053 Eadbald.
1038 2020 1051 2039 ⁸
1072 2020 1128 2052 Ps.
1144 2020 1216 2051 xix.
1231 2021 1262 2051 4.

123 2078 190 2109 242
