1473 2322
427 159 537 195 THE
572 158 902 196 VENERABLE
938 160 1086 198 BEDE

165 260 431 304 Redualdum,
453 262 664 299 obsecrans
693 265 740 299 ut
767 263 891 299 vitam
913 275 1026 299 suam
1048 276 1071 299 a
1090 265 1196 300 tanti
1216 276 1345 314 perse-

165 323 311 358 cutoris
339 321 489 359 insidiis
517 322 690 360 tutando
719 327 918 360 servaret:
961 325 1029 373 qui
1055 323 1229 361 libenter
1257 337 1347 362 eum

166 384 382 432 excipiens,
399 384 581 432 promisit
599 396 641 420 se
659 395 763 432 quae
780 384 1012 432 petebatur,
1031 397 1117 422 esse
1135 383 1347 421 facturum.

165 445 223 481 At
245 448 460 494 postquam
483 443 683 481 Aedilfrid
705 446 746 481 in
768 443 843 482 hac
867 458 960 483 eum
983 447 1185 495 provincia
1209 459 1349 496 appar·

166 507 284 549 uisse,
317 509 360 542 et
391 505 499 555 apud
530 518 669 556 regem
699 504 803 542 illius
835 505 1084 543 familiariter
1115 519 1206 543 cum
1237 508 1350 543 sociis

165 566 349 604 habitare
398 568 599 617 cognovit,
646 568 755 603 misit
802 569 978 611 nuntios,
1027 569 1095 618 qui
1142 567 1350 605 Redualdo

165 629 377 677 pecuniam
408 626 579 664 multam
610 640 682 677 pro
713 640 812 665 nece
845 629 929 665 eius
961 626 1173 666 offerrent:
1218 641 1350 678 neque

166 688 316 739 aliquid
356 687 538 738 profecit.
596 688 711 725 Misit
752 689 940 733 secundo,
982 691 1091 726 misit
1131 691 1267 734 tertio,
1309 694 1351 727 et

165 751 383 800 copiosiora
412 751 569 800 argenti
597 750 703 787 dona
730 749 914 794 offerens,
942 755 985 788 et
1011 750 1163 788 bellum
1190 753 1352 800 insuper

165 810 221 847 illi
238 813 270 848 si
288 814 616 848 contemneretur
633 810 824 847 indicens.
879 809 957 856 Qui
977 809 1039 848 vel
1055 812 1171 847 minis
1189 810 1351 855 fractus,

166 872 230 910 vel
258 876 466 921 corruptus
496 872 743 916 muneribus,
772 873 892 909 cessit
921 872 1169 922 deprecanti,
1199 876 1242 910 et
1270 874 1351 910 sive

167 933 346 971 occidere
362 946 404 970 se
419 932 665 976 Aeduinum,
680 945 751 970 seu
763 931 968 983 legatariis
983 932 1143 970 tradere
1157 934 1350 983 promisit.

167 995 286 1041 Quod
318 994 386 1031 ubi
419 993 630 1031 fidissimus
663 993 827 1043 quidam
859 995 1008 1031 amicus
1039 993 1143 1031 illius
1176 994 1352 1031 animad-

168 1058 303 1100 vertit,
333 1057 499 1092 intravit
530 1054 756 1092 cubiculum
787 1067 866 1105 quo
897 1055 1069 1093 dormire
1100 1055 1353 1105 disponebat,

169 1122 256 1156 crat
293 1119 400 1154 enim
435 1118 564 1166 prima
598 1115 697 1153 hora
731 1118 873 1160 noctis,
909 1120 953 1154 et
988 1120 1199 1154 evocatum
1234 1115 1352 1161 foras,

167 1179 264 1229 quid
299 1191 395 1229 erga
426 1191 519 1215 eum
555 1190 675 1228 agere
709 1191 781 1215 rex
815 1178 1076 1227 promisisset,
1107 1177 1280 1221 edocuit,
1310 1182 1353 1216 et

167 1245 329 1290 insuper
350 1239 521 1288 adjecit:
557 1238 578 1251 “
598 1237 638 1275 Si
660 1251 755 1289 ergo
776 1240 847 1283 vis,
867 1238 942 1276 hac
961 1241 1048 1289 ipsa
1066 1238 1164 1276 hora
1185 1239 1352 1277 educam

166 1308 210 1340 te
238 1302 288 1339 de
316 1300 391 1338 hac
418 1301 634 1350 provincia,
663 1303 706 1337 et
734 1313 782 1338 ea
808 1301 851 1337 in
877 1299 964 1337 loca
990 1300 1257 1345 introducam,
1284 1301 1354 1338 ubi

167 1376 373 1413 nunquam
414 1366 457 1399 te
499 1360 563 1399 vel
605 1360 790 1398 Reduald
831 1360 894 1399 vel
935 1360 1135 1399 Aedilfrid
1175 1363 1353 1399 invenire

168 1422 369 1462 valeant.’'
424 1422 503 1469 Qui
542 1424 621 1459 ait:
674 1421 696 1434 ‘¹
717 1421 876 1459 Gratias
915 1421 1079 1472 quidem
1117 1435 1193 1473 ago
1230 1422 1352 1461 bene·

168 1484 367 1522 volentiae
390 1487 509 1528 tuae3
545 1495 625 1520 non
647 1487 787 1520 tamen
809 1481 885 1520 hoc
905 1482 1039 1521 facere
1060 1495 1223 1533 possum
1245 1483 1354 1533 quod

167 1548 362 1597 suggeris,
386 1549 433 1582 ut
457 1548 622 1595 pactum
647 1544 756 1594 quod
781 1557 872 1581 cum
896 1548 1013 1581 tanto
1036 1557 1134 1595 rege
1158 1545 1243 1589 inii,
1266 1546 1353 1595 ipse

166 1610 316 1659 primus
337 1608 493 1643 irritum
513 1605 671 1648 faciam,
693 1618 783 1642 cum
803 1604 870 1643 ille
890 1605 987 1642 mihi
1007 1604 1063 1642 nil
1082 1604 1177 1642 mali
1197 1604 1353 1650 fecerit,

168 1668 223 1706 nil
256 1667 385 1705 adhuc
418 1668 714 1703 inimicitiarum
747 1665 942 1704 intulerit.
997 1666 1105 1714 Quin
1137 1668 1286 1716 potius,
1319 1668 1351 1704 si

168 1732 381 1767 moriturus
401 1741 502 1772 sum,
521 1727 588 1765 ille
615 1741 681 1765 me
705 1729 833 1779 magis
861 1740 983 1778 quam
1009 1726 1220 1778 ignobilior
1247 1728 1352 1778 quis-

169 1805 289 1842 quam
307 1791 427 1827 morti
445 1789 593 1826 tradat.
649 1788 738 1835 Quo
759 1790 865 1826 enim
884 1801 989 1826 nunc
1007 1788 1174 1840 fugiam,
1194 1790 1262 1838 qui
1280 1801 1354 1838 per

169 1865 306 1890 omnes
336 1851 559 1888 Brittaniae
590 1851 826 1900 provincias,
855 1854 921 1887 tot
952 1863 1146 1887 annorum
1177 1853 1352 1900 tempor-

317 1998 330 2018 ²
353 1997 452 2030 Since
470 1997 523 2029 his
540 1996 715 2039 boyhood,
733 2006 828 2028 some
845 1995 1063 2038 twenty-five
1079 2006 1191 2038 years.

169 2080 238 2116 272
