1473 2322
449 163 561 200 THE
597 162 927 200 VENERABLE
962 162 1110 200 BEDE

187 265 445 310 cessionibus,
465 270 512 302 ut
532 264 629 309 dixi,
649 266 709 302 sui
729 266 869 315 patris,
890 264 942 302 ad
961 267 1071 302 cuius
1092 277 1234 314 corpus
1254 264 1372 303 dilec—

186 322 306 357 tionis
338 321 460 369 ipsius
493 321 625 368 gratia
656 324 837 363 venerat,
869 321 921 356 sit
953 319 1004 356 ab
1036 318 1202 356 articulo
1233 321 1372 356 mortis

187 378 386 418 retentus,
410 378 456 410 ut
481 378 524 410 et
547 375 633 422 ipse
657 375 712 409 sic
735 378 908 410 mortem
934 372 1126 410 evaderet
1150 378 1373 418 aeternam,

189 434 230 465 et
251 427 336 464 aliis
358 440 519 477 quoque
540 425 731 464 fratribus
751 428 1018 463 ministerium
1039 428 1147 464 vitae
1168 439 1214 464 ac
1233 426 1373 464 salutis

187 480 368 519 docendo
390 480 616 518 exhiberet.

636 663 751 701 CAP.
791 664 927 701 XXIV

193 750 242 787 Ut
279 748 472 800 provincia
514 747 755 793 Mer-ciorum,
797 747 914 785 occiso
956 760 1040 798 rege
1081 747 1224 793 Penda,
1251 748 1372 798 fidem

291 802 429 841 Christi
461 801 690 852 susceperit:
739 807 772 838 et
806 801 925 838 Osuiu
953 814 1024 851 pro
1057 801 1192 852 adepta
1223 801 1374 839 victoria

283 856 536 907 possessiones
558 861 591 893 et
613 855 796 892 territoria
819 854 868 891 ad
889 855 1131 892 construenda
1153 856 1374 893 monasteria

288 910 437 947 dederit.

238 996 314 1033 H1s
353 997 603 1046 temporibus
643 1009 713 1033 rex
752 995 880 1033 Osuiu
918 1008 1009 1032 cum
1048 996 1211 1033 acerbas
1250 1002 1374 1046 atque

187 1050 459 1088 intolerabiles
494 1055 705 1099 pateretur
738 1052 980 1099 irruptiones
1015 1050 1235 1099 saepedicti
1268 1054 1374 1101 regis

189 1104 433 1142 Merciorum
461 1106 529 1154 qui
557 1103 724 1141 fratrem
753 1106 837 1141 eius
865 1103 1080 1148 occiderat,
1109 1104 1161 1141 ad
1187 1103 1374 1142 ultimum

187 1161 430 1197 necessitate
446 1163 618 1208 cogente
634 1159 816 1207 promisit
831 1170 873 1195 se
889 1160 925 1195 ei
941 1159 1151 1195 innumera
1167 1163 1210 1195 et
1223 1160 1374 1196 maiora

188 1226 309 1263 quam
338 1212 446 1250 credi
476 1217 613 1261 potest
641 1217 880 1249 ornamenta
907 1213 1021 1261 regia
1048 1211 1112 1249 vel
1141 1211 1306 1249 donaria
1334 1215 1372 1250 in

187 1269 363 1316 pretium
403 1268 512 1315 pacis
550 1264 805 1315 largiturum,
846 1264 1064 1303 dummodo
1103 1264 1170 1303 ille
1210 1265 1373 1303 domum

186 1320 352 1365 rediret,
389 1326 432 1357 et
468 1321 689 1369 provincias
725 1321 841 1369 regni
878 1321 962 1357 eius
999 1332 1128 1369 usque
1165 1319 1217 1357 ad
1252 1321 1374 1357 inter-

187 1376 397 1412 necionem
425 1379 584 1411 vastare
614 1373 830 1411 desineret.
885 1372 1069 1423 Cumque
1097 1386 1169 1410 rex
1198 1373 1374 1423 perfidus

187 1427 417 1466 nullatenus
449 1427 634 1477 precibus
666 1426 770 1464 illius
804 1439 1011 1465 assensum
1043 1427 1273 1476 praeberet,
1306 1429 1374 1478 qui

187 1487 317 1519 totam
337 1484 421 1520 eius
441 1486 608 1531 gentem
628 1494 651 1517 a
668 1494 791 1531 parvo
810 1493 938 1530 usque
957 1480 1009 1518 ad
1026 1493 1219 1530 magnum
1238 1480 1374 1519 delere

188 1541 312 1586 atque
361 1537 633 1573 exterminare
682 1534 932 1579 decreverat,
979 1536 1160 1584 respexit
1207 1533 1274 1573 ille
1323 1535 1376 1572 ad

187 1589 345 1628 divinae
364 1588 556 1626 auxilium
574 1590 754 1638 pietatis,
772 1601 851 1638 quo
869 1588 920 1625 ab
937 1590 1150 1638 impietate
1167 1588 1376 1626 barbarica

188 1649 324 1693 posset
353 1645 473 1692 eripi:
517 1647 693 1692 votoque
721 1655 765 1680 se
793 1641 997 1691 obligans:
1041 1641 1063 1655 “
1082 1641 1122 1679 Si
1151 1641 1374 1692 paganus?

186 1700 332 1748 inquit,
364 1696 536 1734 “nescit
568 1698 749 1745 accipere
781 1701 918 1733 nostra
951 1695 1129 1739 donaria,
1161 1694 1373 1734 offeramus

187 1753 224 1789 ei
246 1753 314 1800 qui
335 1752 460 1794 novit,
481 1749 656 1787 Domino
678 1750 769 1787 Deo
790 1748 969 1786 nostro.'’
1022 1749 1142 1787 Vovit
1163 1763 1259 1800 ergo
1281 1752 1375 1800 quia

187 1807 218 1842 si
239 1807 364 1842 victor
385 1806 594 1847 existeret,
614 1803 736 1840 filiam
756 1817 868 1841 suam
890 1803 1065 1841 Domino
1085 1816 1197 1840 sacra
1215 1805 1375 1854 virgini-

187 1864 275 1897 tate
302 1858 515 1896 dicandam
542 1856 726 1901 offerret3
767 1856 884 1895 simul
912 1862 955 1896 et
981 1857 1193 1895 duodecim
1220 1870 1374 1908 posses-

594 2033 608 2054 ²
631 2033 682 2066 Cf.
699 2033 828 2074 Judges
844 2033 891 2065 xi.
908 2034 961 2066 30.
