1473 2322
456 100 568 138 THE
604 100 936 139 VENERABLE
971 100 1120 139 BEDE

196 205 463 242 ministerium
502 203 679 249 valeant,
717 203 861 242 inlusio
900 217 972 254 pro
1011 205 1175 256 crapula
1213 204 1323 243 facta
1361 218 1386 242 a

197 268 458 315 perceptione
498 267 599 302 sacri
637 268 821 316 mysterii
861 264 1074 316 prohibere
1114 280 1195 304 non
1236 267 1386 310 debet3

197 327 268 364 sed
309 327 360 363 ab
400 326 676 365 immolatione
715 329 816 364 sacri
855 330 1039 377 mysterii
1079 328 1298 373 abstinere,
1339 333 1386 365 ut

197 389 382 433 arbitror,
401 387 607 426 humiliter
626 389 773 427 debet:
807 391 841 425 si
859 394 999 427 tamen
1018 389 1254 428 dormientis
1273 403 1385 428 men-

197 455 283 488 tem
300 453 409 499 turpi
433 452 723 500 imaginatione
749 463 830 487 non
857 454 1114 489 concusserit.
1170 451 1275 488 Nam
1292 457 1387 489 sunt

199 512 343 562 quibus
380 514 440 549 ita
476 511 715 562 plerumque
752 511 896 549 inlusio
934 514 1126 558 nascitur,
1163 518 1211 551 ut
1248 526 1386 551 eorum

198 576 368 618 animus,
399 576 524 612 etiam
554 576 597 610 in
625 587 766 611 somno
797 577 970 624 corporis
1002 577 1170 624 positus,
1200 576 1386 625 turpibus

198 636 553 686 imaginationibus
592 649 674 672 non
711 635 912 674 foedetur.
977 635 1070 683 Qua
1107 639 1149 673 in
1182 649 1227 674 re
1261 650 1385 674 unum

197 698 253 734 ibi
285 697 527 742 ostenditur,
557 699 645 747 ipsa
675 710 790 735 mens
821 711 910 742 rea,
936 710 1017 735 non
1048 704 1188 735 tamen
1219 698 1283 736 vel
1314 711 1386 736 suo

197 759 344 797 iudicio
373 758 514 804 libera,
539 771 631 796 cum
656 772 714 804 se,
741 761 818 797 etsi
844 759 1060 797 dormienti
1085 773 1265 810 corpore,
1289 759 1386 796 nihil

197 823 384 859 meminit
408 821 567 865 vidisse,
591 826 731 858 tamen
755 823 797 857 in
821 821 964 871 &giliis
989 824 1176 871 corporis,
1200 823 1387 860 meminit

198 885 239 919 in
255 882 475 933 ingluviem
491 883 695 921 cecidisse.
749 882 819 920 Sin
835 896 929 921 vero
947 897 998 921 ex
1014 886 1124 933 turpi
1140 886 1386 934 cogitatione

200 944 401 995 vigilantis
443 946 570 982 oritur
612 944 755 982 inlusio
799 945 1050 990 dormientis,
1092 950 1210 996 patet
1253 948 1386 983 animo

199 1012 336 1044 reatus
357 1019 474 1044 suus:
510 1007 623 1044 videt
644 1010 752 1044 enim
773 1020 798 1043 a
819 1020 899 1057 qua
919 1007 1053 1045 radice
1074 1010 1300 1058 inquinatio
1320 1007 1387 1045 illa

196 1071 450 1118 processerit,
475 1071 570 1119 quia
595 1069 705 1119 quod
729 1071 924 1119 cogitavit
949 1071 1091 1114 sciens,
1117 1069 1192 1107 hoc
1217 1069 1386 1120 pertulit

198 1133 392 1168 nesciens

249 1191 371 1230 “Sed
400 1192 653 1242 pensandum
684 1198 760 1237 est,
789 1195 875 1242 ipsa
906 1194 1098 1243 cogitatio
1128 1198 1265 1231 utrum
1294 1206 1386 1244 sug-

197 1256 397 1305 gestione,
439 1267 491 1291 an
534 1254 820 1299 delectatione,
863 1254 940 1299 vel,
984 1255 1093 1305 quod
1134 1257 1262 1292 maius
1310 1262 1386 1300 est,

197 1318 355 1366 peccati
405 1329 601 1354 consensu
650 1316 853 1354 acciderit.
907 1315 1050 1354 Tribus
1101 1319 1209 1355 enim
1257 1317 1386 1355 modis

196 1376 387 1427 impletur
428 1390 548 1416 omne
588 1382 825 1427 peccatum3
881 1377 1070 1416 videlicet
1109 1381 1386 1429 suggestione,

198 1439 484 1484 delectatione,
522 1452 730 1477 consensu.
785 1438 1001 1490 Suggestio
1040 1442 1190 1490 quippe
1229 1440 1277 1478 fit
1313 1453 1386 1491 per

197 1500 416 1546 diabolum,
459 1500 678 1539 delectatio
721 1514 793 1551 per
835 1514 1011 1546 carnem,
1055 1514 1271 1540 consensus
1313 1515 1386 1553 per

197 1565 404 1613 spiritum:
439 1565 534 1613 quia
554 1568 597 1601 et
615 1565 787 1613 primam
806 1563 966 1613 culpam
985 1576 1150 1614 serpens
1170 1567 1384 1615 suggessit,

198 1624 284 1661 Eva
323 1624 435 1662 velut
474 1638 564 1662 caro
605 1624 810 1663 delectata
849 1630 925 1670 est,
966 1625 1100 1663 Adam
1140 1639 1234 1664 vero
1274 1626 1385 1664 velut

197 1688 359 1737 spiritus
377 1688 601 1724 consensit:
635 1692 678 1724 et
695 1689 921 1725 necessaria
939 1692 1002 1724 est
1018 1700 1167 1738 magna
1183 1687 1384 1733 discretio,

198 1754 245 1786 ut
277 1750 385 1786 inter
418 1751 722 1799 suggestionem
757 1753 882 1799 atque
916 1748 1244 1794 delectationem,
1277 1751 1385 1788 inter

198 1809 512 1848 delectationem
560 1816 604 1848 et
649 1823 901 1855 consensum,
947 1810 1071 1848 iudex
1119 1813 1181 1848 sui
1227 1813 1382 1849 animus

197 1872 440 1921 praesideat.
495 1871 597 1909 Cum
624 1874 731 1909 enim
757 1871 957 1922 malignus
983 1874 1145 1922 spiritus
1171 1879 1383 1922 peccatum

200 1936 382 1984 suggerit
402 1936 443 1971 in
465 1939 618 1979 mente,
641 1936 672 1971 si
695 1933 803 1971 nulla
824 1936 981 1984 peccati
1002 1933 1220 1972 delectatio
1240 1947 1383 1987 sequa-

199 2033 267 2072 150
