1473 2322
434 119 546 156 THE
584 119 914 156 VENERABLE
950 119 1098 156 BEDE

172 235 244 271 per
270 223 404 258 omnia
430 221 636 270 aliquanto
663 227 756 271 post
781 220 881 258 haec
908 226 1092 270 tempore
1118 223 1159 258 in
1187 221 1362 260 ecclesiis

173 273 598 325 Nordanhymbrorum
635 280 793 311 servata
831 280 905 311 est.
961 274 1041 312 Sed
1079 275 1129 311 de
1167 274 1226 312 his
1265 278 1362 313 satis

172 329 336 365 dictum.

611 413 727 450 CAP.
765 413 922 450 XXVII

178 500 226 537 L't
256 499 445 551 Ecgberct‚
475 499 532 537 vir
561 505 709 537 sanctus
738 499 782 535 (le
812 498 958 536 natione
989 498 1206 550 Anglorum,
1238 513 1361 537 mona-

410 552 549 589 chicam
571 553 609 589 in
632 552 812 589 Hibernia
834 552 944 589 vitam
966 552 1120 589 ‹Im-erit.

223 639 367 676 Eoum
422 645 560 676 autem
613 652 717 675 anno
787 639 1023 675 Dominicae
1078 640 1361 677 incarnationis

170 695 464 730 sexcentesimo
494 695 746 742 sexagesimo
777 697 934 741 quarto,
957 691 1066 728 facta
1089 698 1177 729 erat
1207 693 1361 742 eclipsis

171 746 261 782 solis
279 746 343 783 die
362 749 483 782 tertio
501 748 648 782 mensis
668 745 781 788 Maii,
800 744 895 781 hora
912 747 1069 781 circiter
1086 745 1241 782 decima
1259 746 1336 783 diei
1352 760 1360 783 :

171 813 249 849 quo
273 802 396 836 etiam
420 812 523 835 anno
547 799 680 835 subita
701 798 960 847 pestilentiae
984 798 1083 841 lues,
1106 799 1360 848 depopulatis

170 855 278 902 prius
292 852 532 889 australibus
546 852 768 888 Brittaniae
782 851 923 901 plagis,
938 850 1360 901 Nordanhymbrorum

171 919 330 955 quoque
356 908 600 955 provinciam
625 907 864 954 corripiens3
908 910 1031 954 atque
1068 905 1212 942 acerba
1247 905 1361 943 clade

171 960 319 996 diutius
347 959 466 1009 longe
494 959 657 1008 lateque
678 958 926 1001 desaeviens,
946 971 1134 1007 magnam
1155 957 1361 996 hominum

170 1013 472 1049 multitudinem
498 1015 651 1049 stravit.
707 1011 798 1057 Qua
822 1011 941 1061 plaga
965 1010 1171 1060 praefatus
1198 1012 1359 1049 Domini

170 1066 354 1103 sacerdos
372 1066 487 1103 Tuda
505 1071 643 1114 raptus
664 1070 726 1101 est
745 1065 795 1102 de
815 1065 978 1108 mundO,
999 1070 1040 1101 et
1058 1067 1098 1100 in
1117 1069 1360 1103 monasterio

170 1120 277 1169 quod
295 1120 440 1156 dicitur
456 1117 749 1168 Paegnalaech,
766 1117 980 1154 honorifice
997 1118 1191 1166 sepultus.
1247 1119 1360 1156 Haec

171 1179 307 1210 autem
337 1172 457 1223 plaga
487 1172 723 1209 Hiberniam
753 1184 913 1221 quoque
943 1171 1112 1207 insulam
1132 1174 1217 1220 pari
1247 1172 1360 1210 clade

170 1227 393 1276 premebat.
449 1226 576 1262 Erant
594 1226 745 1262 ibidem
764 1237 811 1261 eo
830 1230 1013 1273 tempore
1031 1224 1148 1261 multi
1167 1225 1359 1262 nobilium

169 1280 286 1316 simul
302 1286 342 1316 et
359 1279 619 1316 mediocrium
635 1279 684 1315 de
701 1284 824 1328 gentc
841 1277 1078 1328 Anglorum‚
1094 1280 1159 1327 qui
1176 1284 1359 1328 tempore

171 1334 311 1369 Finani
333 1339 375 1369 et
396 1332 576 1369 Colmani
598 1335 888 1381 episcoporum,
908 1331 1047 1368 relicta
1067 1331 1194 1367 insula
1215 1335 1359 1381 patria,

170 1387 232 1423 vel
259 1387 417 1424 divinae
444 1386 639 1429 lectionis,
666 1385 728 1422 vel
764 1386 1067 1421 continentioris
1094 1387 1200 1421 vitae
1227 1388 1358 1435 gratia

170 1440 235 1476 illo
257 1445 518 1476 secesserant.
575 1439 628 1475 Et
651 1439 814 1487 quidam
837 1438 1000 1487 quidem
1022 1450 1115 1474 mox
1138 1451 1180 1474 se
1202 1451 1358 1475 monas-

170 1496 274 1530 ticae
291 1495 581 1530 conversationi
600 1492 772 1529 fideliter
788 1493 1131 1540 mancipaverunt,
1149 1491 1213 1527 alii
1230 1495 1357 1542 magis

169 1546 452 1583 circumeundo
471 1559 543 1595 per
561 1545 679 1582 cellas
699 1547 996 1595 magistrorum,
1014 1544 1174 1580 lectioni
1194 1557 1356 1593 operam

169 1600 265 1637 dare
304 1600 561 1649 gaudebant:
614 1612 712 1648 quos
752 1610 890 1634 omnes
929 1596 1056 1634 Scotti
1095 1597 1356 1637 libentissime

171 1656 434 1703 suscipientes
472 1655 622 1688 victum
665 1654 721 1688 eis
764 1650 1043 1701 quotidianum
1086 1653 1170 1687 sine
1211 1654 1356 1700 pretio,

215 1819 226 1838 ¹
250 1818 380 1851 Should
397 1817 438 1848 be
454 1818 513 1849 the
529 1817 603 1848 first
620 1817 655 1848 of
669 1816 762 1857 May.

212 1862 224 1880 ²
247 1862 319 1893 The
342 1864 435 1892 most
457 1861 564 1892 noted
588 1861 622 1891 os
646 1860 704 1891 the
728 1859 929 1890 visitations
953 1858 988 1889 of
1011 1857 1069 1888 the
1093 1858 1215 1898 plague
1237 1858 1273 1890 in
1296 1859 1355 1890 the

168 1905 312 1936 seventh
329 1908 484 1945 century.
532 1903 566 1934 It
583 1913 652 1933 was
670 1903 793 1933 known
810 1912 849 1932 as
865 1901 924 1932 the
940 1900 1070 1932 Yellow
1087 1901 1179 1932 Pcst.

211 1948 223 1966 3
249 1947 447 1982 chertain,
486 1945 549 1977 but
586 1945 733 1987 perhaps
771 1944 927 1985 Whalley
963 1954 1007 1975 on
1044 1943 1103 1974 the
1141 1943 1278 1975 borders
1319 1944 1355 1976 of

167 1990 371 2022 Layncashire
386 1989 456 2021 and
470 1989 641 2021 Cheshire.

165 2055 238 2099 484
