1473 2322
377 144 489 181 THE
524 144 852 182 VENERABLE
887 144 1033 183 BEDE

118 248 177 284 vir
206 246 299 291 Dei,
329 248 521 296 imposuit
550 247 763 285 dexteram
793 249 916 297 capiti
947 249 1045 293 eius,
1076 253 1119 287 et
1149 263 1201 287 an
1230 249 1305 286 hoe

117 312 277 362 signum
301 315 539 360 agnosceret
561 313 781 361 requisivit.
836 311 915 358 Qui
939 325 1030 349 eum
1052 317 1230 351 tremens
1254 313 1305 351 ad

118 375 242 424 pedes
275 376 359 412 eius
391 375 598 424 procidere
630 374 768 419 vellet,
797 375 947 413 levavit
979 390 1085 421 eum,
1118 382 1161 414 et
1192 379 1304 427 quasi

116 437 303 475 familiari
337 451 433 476 voce
469 437 636 475 affatus:
686 438 707 451 “
728 438 873 483 Ecce,”
909 442 1054 490 inquit,
1089 440 1304 478 “hostium

118 515 260 539 manus
275 515 374 552 quos
389 504 574 546 timuisti,
588 502 764 540 Domino
779 503 971 548 donante,
986 506 1147 542 evasisti
1160 516 1169 548 ;
1199 518 1305 550 ecce,

118 579 288 617 regnum
318 566 426 616 quod
455 566 706 611 desiderasti,
735 569 820 617 ipso
848 567 1047 618 largiente
1076 571 1303 619 percepisti.

120 630 333 668 Memento
373 634 420 667 ut
458 632 626 668 tertium
666 631 775 681 quod
813 634 1042 681 promisisti,
1081 632 1215 671 facere
1253 646 1305 671 ne

118 693 291 739 differas,
324 694 577 744 suscipiendo
611 694 732 732 fidem
767 697 865 739 eius,
899 700 942 733 et
974 701 1193 746 praecepta
1225 710 1306 735 ser-

118 758 263 803 vando,
293 760 362 808 qui
392 762 435 796 te
467 762 510 795 et
541 772 564 795 a
593 758 881 809 temporalibus
914 760 1088 798 adversis
1120 763 1305 811 eripiens,

118 822 351 872 temporalis
377 824 492 872 regni
518 821 669 861 honore
695 823 948 868 sublimavit3
989 828 1032 862 et
1058 826 1090 861 si
1117 825 1305 875 deinceps

120 885 317 924 voluntati
349 887 448 930 eius,
481 899 603 936 quam
633 900 706 937 per
736 901 802 925 me
834 889 908 925 tibi
940 889 1160 938 praedicat,
1192 890 1305 927 obse-

119 951 294 988 cundare
327 949 511 994 volueris,
545 953 669 988 etiam
703 964 726 988 a
758 954 964 1002 perpetuis
997 952 1193 990 malorum
1225 958 1305 991 tor-

119 1008 268 1053 mentis'
300 1018 344 1053 te
376 1013 565 1059 liberans,
602 1017 756 1053 aeterni
792 1029 926 1054 secum
962 1019 1075 1067 regni
1110 1019 1152 1055 in
1186 1017 1305 1056 caelis

119 1078 241 1117 faciet
265 1091 352 1118 esse
377 1078 656 1129 participem.’'

583 1288 699 1326 CAP.
736 1289 840 1325 XIII

120 1381 240 1425 Quale
258 1380 447 1420 consilium
467 1380 561 1419 idem
581 1395 659 1419 cum
675 1382 896 1434 primatibus
915 1382 992 1421 sais
1011 1382 1056 1421 de
1070 1383 1306 1435 percipienda

206 1446 293 1497 fide
317 1445 453 1484 Christi
474 1445 639 1483 habuerit
654 1461 672 1489 ,·
707 1451 741 1484 et
761 1451 800 1483 ut
815 1445 988 1499 poniifex
1009 1446 1087 1485 eius
1108 1461 1197 1485 suas
1218 1461 1306 1486 aras

216 1508 487 1562 profanaverit.

172 1604 326 1651 Qmssus
363 1604 524 1648 auditis,
561 1617 632 1642 rex
668 1606 869 1655 suscipere
907 1605 1070 1655 quidem
1106 1619 1149 1644 se
1185 1605 1306 1644 fidem

121 1682 242 1719 quam
284 1668 471 1712 docebat,
514 1672 557 1706 et
598 1667 701 1707 velle
744 1673 787 1707 et
829 1669 979 1707 debere
1020 1671 1304 1720 respondebat.

120 1732 270 1770 Verum
295 1731 425 1769 adhue
450 1745 541 1769 cum
567 1734 702 1769 amicis
726 1734 984 1783 principibus,
1010 1738 1054 1771 et
1077 1733 1306 1772 consiliariis

120 1797 200 1833 suis
221 1809 309 1834 sese
331 1796 383 1834 de
404 1795 479 1833 hoc
500 1795 738 1833 collaturum
761 1810 847 1834 esse
869 1798 1044 1841 dicebat,
1067 1802 1113 1834 ut
1133 1800 1165 1835 si
1188 1802 1231 1836 et
1250 1798 1307 1835 illi

122 1859 264 1897 eadem
299 1872 390 1896 eum
423 1858 490 1896 illo
525 1862 674 1898 sentire
710 1859 874 1905 vellent,
909 1874 1046 1898 omnes
1081 1863 1233 1911 pariter
1265 1864 1307 1899 in

120 1922 234 1961 fonte
271 1925 379 1962 vitae
418 1923 576 1961 Christo
614 1929 953 1962 consecrarentur.
1008 1925 1063 1962 Et
1101 1931 1306 1964 annuente

124 1984 302 2030 Paulino,
323 1986 422 2025 feeit
443 1991 489 2025 ut
510 1988 681 2026 dixerat.
736 1988 887 2026 Habito
910 1990 1017 2027 enim
1039 2002 1129 2027 cum
1151 1988 1306 2041 sapien-

123 2057 193 2098 280
