1473 2322
430 127 543 167 THE
581 126 915 166 VENERABLE
953 124 1101 164 BEDE

645 259 762 300 CAP.
800 260 842 298 ΙΙ
855 260 872 285 ¹

346 348 396 386 Ut
413 346 638 385 Brittaniam
654 346 797 397 primus
815 345 1063 383 Romanorum
1084 343 1206 383 Gaius

629 399 755 441 Julius·
773 398 920 437 adierit.

231 489 380 526 Vanum
402 487 546 526 eadem
565 485 767 524 Brittania
785 484 976 522 Romanis
998 497 1125 534 usque
1146 484 1198 522 ad
1219 482 1366 521 Gaium

184 542 331 579 Iulium
351 540 567 579 Caesarem
586 542 789 577 inaccessa
804 544 928 589 atque
949 540 1155 589 incognita
1168 536 1269 574 fuit:
1297 539 1367 587 qui

182 609 287 633 anno
326 595 377 632 ab
418 593 530 632 Urbe
569 593 733 631 condita
770 594 1066 630 sexcentesimo
1105 593 1366 642 nonagesimo

182 651 320 693 tertio,
353 653 450 686 ante
483 660 577 685 vero
610 648 896 684 incarnationis
930 645 1167 682 Dominicae
1203 650 1366 694 tempus

183 715 288 740 anno
300 703 567 752 sexagesimo,
581 699 743 737 functus
755 699 884 750 gradu
896 698 1127 736 consulatus
1139 711 1231 735 cum
1245 697 1369 735 Lucio

180 755 338 799 Bibulo,
351 755 448 792 dum
460 759 601 792 contra
613 753 907 792 Germanorum
921 752 1209 801 Gallorumque
1222 756 1368 802 gentes

182 812 250 860 qui
289 808 431 847 Rheno
468 813 631 845 tantum
669 806 834 845 flumine
871 806 1180 849 dirimebantur,
1217 804 1369 842 bellum

181 868 360 914 gereret,
402 863 515 900 venit
558 861 610 899 ad
655 860 850 904 Morinos,
892 859 1000 897 unde
1044 861 1085 896 in
1128 858 1370 896 Brittaniam

183 918 388 967 proximus
405 921 448 953 et
462 916 717 952 brevissimus
733 916 926 951 transitus
943 918 1020 956 est,
1035 917 1080 950 et
1093 912 1261 949 navibus
1275 924 1371 949 one-

182 971 296 1007 rariis
322 974 446 1019 atque
473 970 661 1005 actuariis
687 969 845 1005 circiter
870 968 1079 1017 octoginta
1106 967 1371 1015 praeparatis,

184 1026 226 1061 in
241 1023 483 1060 Brittaniam
498 1020 786 1065 transvehitur,
802 1021 870 1058 ubi
886 1021 1032 1058 acerba
1047 1021 1219 1069 primum
1235 1031 1372 1069 pugna

189 1075 400 1127 fatigatus,
445 1075 593 1113 deinde
641 1075 810 1112 adversa
854 1078 1104 1123 tempestate
1149 1077 1372 1122 correptus,

184 1130 398 1181 plurimam
425 1128 560 1166 classis
588 1133 762 1178 partem,
785 1132 829 1166 et
856 1140 936 1164 non
964 1139 1132 1176 parvum
1160 1139 1372 1164 numerum

184 1183 374 1227 militum,
411 1184 595 1232 equitum
632 1195 726 1220 vero
763 1194 869 1231 pene
906 1193 1082 1224 omnem,
1119 1179 1370 1229 disperdidit.

190 1237 411 1288 Regressus
430 1238 471 1273 in
491 1235 678 1279 Galliam,
697 1234 876 1285 legiones
892 1236 934 1271 in
954 1233 1122 1271 hiberna
1141 1233 1307 1277 dimisit,
1326 1245 1372 1270 ac

190 1296 402 1329 sexcentas
426 1302 548 1327 naves
572 1291 783 1338 utriusque
805 1287 1005 1325 commodi
1029 1287 1114 1325 fieri
1137 1288 1372 1336 imperavit:

187 1345 331 1394 quibus
351 1346 499 1381 iterum
520 1345 559 1379 in
581 1342 822 1379 Brittaniam
843 1344 970 1391 primo
991 1353 1085 1378 vere
1105 1345 1373 1384 transvectus,

188 1399 284 1436 dum
311 1400 396 1448 ipse
424 1399 464 1434 in
492 1395 652 1434 hostem
678 1409 770 1433 cum
798 1397 980 1433 exercitu
1007 1396 1156 1445 pergit,
1183 1406 1305 1431 naves
1332 1395 1374 1430 in

188 1451 370 1489 anchoris
397 1455 569 1493 stanteS,
588 1454 838 1499 tempestate
866 1453 1091 1497 correptae,
1111 1446 1173 1485 vel
1201 1446 1374 1484 conlisae

187 1508 295 1543 inter
322 1518 381 1549 se,
409 1503 472 1542 vel
502 1505 632 1541 arenis
660 1502 801 1539 inlisae
833 1514 880 1539 ac
908 1500 1128 1539 dissolutae
1157 1506 1274 1538 sunt:
1323 1513 1373 1538 ex

189 1559 333 1608 quibus
362 1557 633 1608 quadraginta
660 1558 883 1606 perierunt,
912 1560 1074 1593 ceterae
1105 1567 1199 1591 cum
1227 1566 1375 1604 magna

187 1611 423 1649 difficultate
438 1616 650 1660 reparatae
665 1614 784 1647 sunts
827 1608 1008 1646 Caesaris
1023 1609 1230 1659 equitatus
1244 1609 1374 1658 primo

237 1724 249 1744 ¹
273 1723 355 1755 This
370 1722 513 1764 chapter
526 1722 555 1754 is
570 1721 675 1753 taken
691 1721 779 1752 from
796 1719 934 1752 Orosius
949 1721 997 1752 vi.
1014 1720 1032 1753 7
1046 1719 1117 1751 and
1132 1720 1164 1757 9,
1178 1721 1301 1762 except
1316 1719 1375 1751 the

193 1777 335 1809 passage
351 1765 459 1797 about
475 1765 535 1797 the
549 1764 666 1797 stakes
681 1768 720 1796 at
735 1763 795 1795 the
809 1763 898 1795 ford.
997 1780 999 1782 ·

231 1914 244 1933 ²
266 1912 339 1944 The
360 1911 453 1953 right
473 1911 572 1943 dates
593 1921 651 1942 are
672 1911 737 1943 695
752 1918 860 1942 A.U.c.
875 1908 946 1941 and
966 1909 1009 1941 59
1037 1917 1105 1942 ΒΑ).
1156 1907 1310 1941 Caesar's
1322 1907 1373 1939 in-

187 1956 324 1988 vasione
338 1955 373 1987 of
387 1955 522 1986 Britain
536 1953 619 1986 took
634 1953 730 1995 place
742 1953 779 1984 in
792 1955 835 1985 65
847 1952 918 1984 and
931 1953 973 1985 54
987 1959 1055 1984 Β.ο.

231 1998 245 2019 ²
266 1998 366 2039 Ships
382 1997 419 2030 of
433 2006 504 2029 war
517 1995 588 2028 and
603 1998 789 2038 transport-

198 2072 242 2097 22
