1473 2322
483 164 594 200 THE
632 163 962 201 VENERABLE
997 163 1144 200 BEDE

707 320 824 360 CAP.
862 321 938 359 XV

228 418 276 455 Ut
318 417 510 468 episcopus
551 416 677 454 Aidan
718 416 842 454 nautis
883 422 916 454 et
957 422 1201 468 tempestatem
1231 416 1409 468 futuram

317 478 559 530 praedixerit,
590 484 624 516 et
655 478 770 515 oleum
803 483 968 516 sanctum
1000 491 1072 529 quo
1103 479 1198 516 hanc
1229 477 1410 524 sedarent,

321 540 470 578 dederit.

272 635 353 681 Qm
379 637 489 672 cuius
514 636 648 672 meriti
673 633 810 679 fuerit,
836 636 960 672 etiam
983 633 1265 671 miraculorum
1289 637 1411 684 signis

222 700 402 734 internus
418 697 568 733 arbiter
583 696 757 740 edocuit,
773 709 794 733 e
810 696 953 746 quibus
968 698 1046 732 tria
1059 698 1276 733 memoriae
1291 709 1410 733 causa

222 772 371 808 ponere
403 760 500 795 satis
532 760 596 795 sit.
653 756 871 807 Presbyter
903 757 1066 807 quidam
1098 760 1259 795 nomine
1292 758 1411 803 Utta,

220 819 373 857 multae
398 821 608 869 gravitatis
634 832 679 855 ac
704 820 885 856 veritatis
909 820 981 863 vir,
1006 824 1049 856 et
1073 818 1124 855 ob
1147 818 1189 856 id
1212 820 1411 864 omnibus,

222 884 346 919 etiam
392 883 486 930 ipsis
532 881 777 930 principibus
825 879 972 917 saeculi
1018 879 1273 925 honorabilis,
1319 894 1410 918 cum

221 945 454 980 mitteretur
480 941 667 978 Cantiam
693 942 745 979 ob
772 941 1052 978 adducendam
1078 941 1171 979 inde
1198 944 1410 991 coniugem

221 1007 307 1055 regi
325 1003 463 1048 Osuio,
483 1003 606 1040 filiam
627 1002 816 1041 videlicet
835 1003 1012 1040 Aeduini
1030 1005 1137 1053 regis
1158 1003 1410 1049 Eanfledam,

222 1080 326 1116 quae
347 1068 474 1103 occiso
496 1070 613 1115 patre
634 1064 726 1102 illuc
749 1064 883 1102 fuerat
905 1065 1102 1102 adducta:
1139 1067 1208 1114 qui
1229 1067 1411 1103 terrestri

222 1128 386 1179 quidem
411 1130 557 1165 itinere
583 1126 650 1164 illo
677 1129 828 1172 venire,
855 1127 927 1164 sed
952 1129 1112 1176 nam'gio
1138 1139 1229 1163 cum
1256 1129 1410 1177 virgine

221 1190 351 1228 redire
378 1189 633 1239 disponebat,
661 1191 828 1225 accessit
856 1188 907 1225 ad
934 1190 1166 1238 episcopum
1192 1188 1411 1234 Aidanum,

221 1253 433 1289 obsecrans
455 1264 562 1295 eum,
583 1264 654 1300 pro
676 1263 718 1288 se
741 1252 902 1300 suisque
924 1252 993 1300 qui
1013 1255 1175 1287 tantum
1195 1252 1274 1287 iter
1295 1256 1411 1288 erant

222 1314 462 1364 adgressuri,
515 1313 690 1350 Domino
743 1311 980 1362 supplicare.
1035 1311 1114 1358 Qui
1156 1312 1410 1364 *benedicens

221 1374 323 1421 illos,
354 1388 400 1412 ac
430 1373 607 1411 Domino
640 1373 941 1418 commendans,
973 1373 1087 1410 dedit
1120 1375 1244 1410 etiam
1276 1373 1410 1411 oleum

222 1436 539 1474 sanctificatum:
581 1435 603 1448 “
623 1434 754 1480 Scio,''
781 1437 981 1485 inquiens,
1007 1434 1030 1447 “
1050 1436 1144 1485 quia
1170 1436 1239 1472 ubi
1264 1448 1409 1473 navem

223 1499 496 1543 ascenderitis,
529 1503 753 1547 tempestas
788 1498 899 1534 vobis
934 1502 976 1534 et
1010 1502 1154 1534 ventus
1188 1499 1409 1534 contrarius

222 1562 502 1611 superveniet:
533 1559 606 1597 sed
621 1565 667 1596 tu
683 1564 891 1597 memento
907 1564 955 1595 ut
969 1557 1044 1595 hoc
1061 1557 1194 1596 oleum
1211 1559 1319 1608 quod
1335 1560 1409 1596 tibi

222 1623 288 1668 do,
309 1624 450 1659 mittas
473 1623 515 1658 in
537 1634 649 1659 mare
662 1633 672 1665 ;
711 1626 754 1659 et
777 1623 917 1658 statim
942 1620 1240 1670 quiescentibus
1265 1623 1410 1666 ventis,

221 1686 417 1723 serenitas
455 1685 575 1720 maris
614 1695 683 1720 vos
720 1682 831 1727 laeta
867 1687 1151 1733 prosequetur,
1189 1695 1234 1718 ac
1273 1684 1409 1732 cupito

221 1749 366 1785 itinere
402 1746 567 1783 domum
601 1744 828 1787 remittet.’'
883 1744 998 1791 Quae
1034 1749 1179 1781 cuncta
1214 1749 1261 1781 ut
1295 1757 1409 1794 prae-

222 1810 381 1847 dixerat
396 1809 580 1851 antistes,
598 1820 647 1844 ex
664 1807 803 1844 ordine
820 1805 1022 1856 completa
1038 1811 1131 1843 sunt
1146 1819 1154 1842 z
1186 1811 1229 1843 et
1245 1805 1409 1855 quidem

221 1872 400 1921 inprimis
424 1868 653 1906 furentibus
685 1868 802 1906 undis
837 1867 986 1918 pelagi,
1012 1868 1232 1905 tentabant
1257 1873 1408 1905 nautae

223 1931 403 1969 anchoris
428 1933 468 1967 in
493 1944 605 1968 mare
631 1932 760 1967 missis
786 1943 931 1967 navem
956 1931 1147 1974 retinere,
1174 1942 1308 1978 neque
1333 1928 1409 1966 hoc

223 1998 407 2044 agentes,
432 1991 583 2042 aliquid
620 1991 905 2043 proficiebant:
945 2003 1118 2041 cumque
1156 1990 1407 2028 verrentibus

222 2093 293 2126 400

268 2140 275 2154 ,
290 2144 291 2147 ,
