1473 2322
402 146 513 182 THE
550 143 880 182 VENERABLE
915 144 1064 182 BEDE

143 249 318 286 diceret:
371 253 395 271 “
415 248 684 286 obsecremus
722 245 874 292 Deum,
903 249 972 297 qui
1009 245 1195 284 habitare
1232 245 1331 283 facit

144 312 352 347 unanimes
372 310 413 345 in
434 308 552 346 domo
574 307 704 346 Patris
725 310 800 353 sui,
821 312 867 345 ut
886 310 972 357 ipse
993 309 1107 346 nobis
1128 310 1330 345 insinuare

144 370 387 408 caelestibus
414 371 538 420 signis
566 370 772 420 dignetur,
800 382 904 420 quae
924 369 1133 419 sequenda
1152 369 1331 413 traditio,

145 432 289 482 quibus
308 434 361 470 sit
379 434 450 469 viis
469 432 521 468 ad
539 433 764 482 ingressum
777 433 890 481 regni
904 430 1007 469 illius
1020 430 1330 481 properandum.

145 493 384 531 Adducatur
408 492 549 543 aliquis
576 506 713 543 aeger,
738 496 781 531 et
804 506 878 542 per
905 494 1016 531 cuius
1041 506 1181 542 preces
1207 491 1333 530 fuerit

146 559 322 599 curatus,
350 554 468 592 huius
498 554 597 592 fides
627 558 671 592 et
698 556 881 603 operatio
910 553 1001 592 Deo
1031 554 1179 592 devota
1208 558 1333 603 atque

146 617 330 654 omnibus
354 616 563 666 sequenda
583 614 814 654 credatur.’'
867 615 988 662 Quod
1007 628 1099 652 cum
1119 615 1334 653 adversarii

146 680 261 715 inviti
275 678 387 723 licet,
401 678 686 722 concederent,
701 676 846 715 allatus
862 681 925 715 est
939 677 1104 728 quidam
1119 677 1169 715 de
1183 690 1334 728 genere

146 739 385 791 Anglorum,
405 739 610 777 oculorum
629 738 720 777 luce
739 741 943 788 privatus3
977 741 1045 789 qui
1065 752 1156 775 cum
1176 737 1335 776 oblatus

146 802 388 840 Brettonum
408 801 700 845 sacerdotibus,
720 800 775 837 nil
795 802 1012 838 curationis
1033 799 1096 839 vel
1116 802 1335 838 sanationis

146 863 289 900 horum
322 864 546 900 ministerio
579 864 832 912 perciperet;
880 861 1048 899 tandem
1082 862 1335 913 Augustinus

145 928 253 962 iusta
286 926 532 962 necessitate
567 922 810 973 compulsus,
844 922 975 961 flectit
1008 937 1144 974 genua
1177 937 1250 962 sua
1285 923 1336 961 ad

149 985 313 1024 Patrem
351 984 518 1023 Domini
551 987 678 1023 nostri
711 985 806 1023 Iesu
840 984 1002 1029 Christi,
1036 985 1257 1035 deprecans
1291 989 1337 1022 ut

148 1051 277 1086 visum
317 1061 452 1093 caeco,
490 1061 613 1098 quem
652 1049 857 1091 amiserat,
894 1049 1147 1092 restitueret,
1185 1051 1229 1085 et
1265 1060 1338 1097 per

148 1109 487 1147 illuminationem
515 1110 632 1146 unius
660 1107 832 1146 hominis
860 1107 1122 1158 corporalem,
1149 1110 1190 1145 in
1217 1107 1338 1158 pluri—

148 1184 304 1208 morum
326 1170 445 1208 corde
468 1169 648 1207 fidelium
669 1168 859 1219 spiritalis
880 1171 1055 1220 gratiam
1076 1169 1174 1207 lucis
1199 1182 1337 1208 accen—

149 1233 279 1271 deret.
335 1232 420 1270 Nec
460 1245 587 1276 mora,
626 1230 876 1268 illuminatur
926 1244 1083 1276 caecus,
1125 1244 1170 1269 ac
1222 1245 1337 1269 verus

148 1308 331 1333 summae
380 1293 479 1332 lucis
530 1307 676 1343 praeco
727 1293 778 1330 ab
839 1294 1024 1331 omnibus
1084 1293 1338 1343 praedicatur

150 1358 415 1407 Augustinus.
468 1355 572 1392 Tum
619 1355 836 1393 Brettones
882 1354 1128 1392 confitentur
1174 1355 1338 1406 quidem

150 1417 397 1456 intellexisse
441 1430 484 1455 se
529 1430 666 1455 veram
711 1430 798 1454 esse
842 1418 948 1453 viam
991 1417 1172 1455 iustitiae
1216 1429 1338 1467 quam

148 1479 404 1531 praedicaret
430 1479 709 1529 Augustinus:
760 1478 833 1516 sed
859 1491 940 1515 non
968 1491 1010 1516 se
1039 1491 1157 1528 posse
1185 1478 1338 1528 absque

149 1554 312 1580 suorum
329 1554 525 1579 consensu
544 1553 590 1577 ac
606 1539 770 1578 licentia
786 1541 925 1590 priscis
943 1539 1130 1578 abdicare
1147 1539 1336 1578 moribus.

152 1603 273 1641 Unde
318 1601 582 1653 postulabant
625 1605 673 1639 ut
717 1601 894 1639 secundo
937 1601 1114 1652 synodus
1159 1600 1339 1651 pluribus

152 1663 462 1701 advenientibus
488 1662 618 1701 fieret.

203 1725 323 1772 Quod
341 1738 432 1762 cum
452 1729 560 1763 esset
577 1728 795 1769 statutum,
813 1728 1026 1769 venerunt,
1044 1728 1091 1761 ut
1109 1723 1339 1774 perhibent,

151 1791 311 1838 septem
329 1786 572 1825 Brettonum
592 1788 766 1836 episcopi
789 1790 832 1824 et
850 1785 985 1836 plures
1010 1787 1080 1822 viri
1106 1785 1340 1830 doctissimi,

152 1851 329 1887 maxime
370 1848 422 1887 de
464 1848 709 1886 nobilissimo
751 1861 889 1886 eorum
930 1849 1189 1891 monasterio,
1231 1847 1339 1897 quod

152 1914 319 1948 vocatur
332 1909 471 1960 lingua
485 1908 710 1960 Anglorum
724 1908 1050 1959 Bancornaburg,
1070 1910 1133 1945 cui
1153 1912 1337 1957 tempore

204 2074 224 2109 6
278 2028 291 2047 ¹
316 2027 371 2058 ΡΒ.
390 2028 442 2059 68.
459 2028 491 2059 6.
648 2026 662 2046 ²
685 2027 821 2068 Bangor
838 2025 958 2057 Iscoed
974 2025 1010 2057 in
1027 2024 1220 2057 Flintshire.

155 2085 200 2110 20
