<?xml version="1.0" encoding="UTF-8"?>
<!DOCTYPE html PUBLIC "-//W3C//DTD XHTML 1.0 Transitional//EN"
    "http://www.w3.org/TR/xhtml1/DTD/xhtml1-transitional.dtd">
<html xmlns="http://www.w3.org/1999/xhtml" xml:lang="en" lang="en">
 <head>
  <title>
</title>
<meta http-equiv="Content-Type" content="text/html;charset=utf-8" />
  <meta name='ocr-system' content='tesseract 3.04.00' />
  <meta name='ocr-capabilities' content='ocr_page ocr_carea ocr_par ocr_line ocrx_word'/>
</head>
<body>
  <div class='ocr_page' id='page_1' title='image "./operahistorica01bedeuoft_0136.png"; bbox 0 0 1473 2322; ppageno 0'>
   <div class='ocr_carea' id='block_1_1' title="bbox 467 102 1128 142">
    <p class='ocr_par' dir='ltr' id='par_1_1' title="bbox 467 102 1128 142">
     <span class='ocr_line' id='line_1_1' title="bbox 467 102 1128 142; baseline 0.002 -1"><span class='ocrx_word' id='word_1_1' title='bbox 467 103 579 141; x_wconf 88' lang='lat' dir='ltr'><strong>THE</strong></span> <span class='ocrx_word' id='word_1_2' title='bbox 615 102 945 142; x_wconf 85' lang='lat' dir='ltr'>VENERABLE</span> <span class='ocrx_word' id='word_1_3' title='bbox 980 103 1128 142; x_wconf 90' lang='lat' dir='ltr'><strong>BEDE</strong></span> 
     </span>
    </p>
   </div>
   <div class='ocr_carea' id='block_1_2' title="bbox 206 206 1388 322">
    <p class='ocr_par' dir='ltr' id='par_1_2' title="bbox 206 206 1388 322">
     <span class='ocr_line' id='line_1_2' title="bbox 206 206 1388 259; baseline 0.002 -16"><span class='ocrx_word' id='word_1_4' title='bbox 206 208 438 245; x_wconf 79' lang='lat' dir='ltr'>intercessio</span> <span class='ocrx_word' id='word_1_5' title='bbox 451 207 564 244; x_wconf 85' lang='lat' dir='ltr'><strong>beati</strong></span> <span class='ocrx_word' id='word_1_6' title='bbox 577 209 765 257; x_wconf 85' lang='lat' dir='ltr'><strong>martyris</strong></span> <span class='ocrx_word' id='word_1_7' title='bbox 780 206 927 244; x_wconf 90' lang='lat' dir='ltr'><strong>Albani</strong></span> <span class='ocrx_word' id='word_1_8' title='bbox 941 212 1199 257; x_wconf 88' lang='lat' dir='ltr'><strong>paraverunt,</strong></span> <span class='ocrx_word' id='word_1_9' title='bbox 1213 210 1388 259; x_wconf 89' lang='lat' dir='ltr'><strong>quietos-</strong></span> 
     </span>
     <span class='ocr_line' id='line_1_3' title="bbox 206 270 1253 322; baseline 0.001 -13"><span class='ocrx_word' id='word_1_10' title='bbox 206 284 285 322; x_wconf 85' lang='lat' dir='ltr'><strong>que</strong></span> <span class='ocrx_word' id='word_1_11' title='bbox 304 284 372 309; x_wconf 91' lang='lat' dir='ltr'><strong>eos</strong></span> <span class='ocrx_word' id='word_1_12' title='bbox 390 284 552 308; x_wconf 91' lang='lat' dir='ltr'><strong>suorum</strong></span> <span class='ocrx_word' id='word_1_13' title='bbox 570 271 777 309; x_wconf 83' lang='lat' dir='ltr'><strong>desideriis</strong></span> <span class='ocrx_word' id='word_1_14' title='bbox 795 270 892 310; x_wconf 84' lang='lat' dir='ltr'><strong>felix</strong></span> <span class='ocrx_word' id='word_1_15' title='bbox 911 274 1044 309; x_wconf 88' lang='lat' dir='ltr'><strong>carina</strong></span> <span class='ocrx_word' id='word_1_16' title='bbox 1061 275 1253 310; x_wconf 82' lang='lat' dir='ltr'><strong>restituit.</strong></span> 
     </span>
    </p>
   </div>
   <div class='ocr_carea' id='block_1_3' title="bbox 678 419 929 458">
    <p class='ocr_par' dir='ltr' id='par_1_3' title="bbox 678 419 929 458">
     <span class='ocr_line' id='line_1_4' title="bbox 678 419 929 458; baseline 0.004 -1"><span class='ocrx_word' id='word_1_17' title='bbox 678 419 794 458; x_wconf 87' lang='lat' dir='ltr'><strong>CAP.</strong></span> <span class='ocrx_word' id='word_1_18' title='bbox 830 421 929 458; x_wconf 91' lang='lat' dir='ltr'><strong>XXI</strong></span> 
     </span>
    </p>
   </div>
   <div class='ocr_carea' id='block_1_4' title="bbox 213 506 1390 719">
    <p class='ocr_par' dir='ltr' id='par_1_4' title="bbox 213 506 1390 719">
     <span class='ocr_line' id='line_1_5' title="bbox 213 506 1389 558; baseline 0.003 -15"><span class='ocrx_word' id='word_1_19' title='bbox 213 506 262 543; x_wconf 80' lang='lat' dir='ltr'><strong>Ut</strong></span> <span class='ocrx_word' id='word_1_20' title='bbox 291 506 561 544; x_wconf 75' lang='lat' dir='ltr'><strong>renascentibus</strong></span> <span class='ocrx_word' id='word_1_21' title='bbox 589 506 758 557; x_wconf 77' lang='lat' dir='ltr'><strong>virgultis</strong></span> <span class='ocrx_word' id='word_1_22' title='bbox 784 506 1014 558; x_wconf 76' lang='lat' dir='ltr'><strong>Pelagianae</strong></span> <span class='ocrx_word' id='word_1_23' title='bbox 1035 508 1153 558; x_wconf 77' lang='lat' dir='ltr'><strong>pestis</strong></span> <span class='ocrx_word' id='word_1_24' title='bbox 1182 507 1389 546; x_wconf 80' lang='lat' dir='ltr'><strong>Germanus</strong></span> 
     </span>
     <span class='ocr_line' id='line_1_6' title="bbox 306 559 1389 612; baseline 0.003 -16"><span class='ocrx_word' id='word_1_25' title='bbox 306 573 387 597; x_wconf 83' lang='lat' dir='ltr'><strong>cum</strong></span> <span class='ocrx_word' id='word_1_26' title='bbox 433 559 565 597; x_wconf 73' lang='lat' dir='ltr'><strong>Severo</strong></span> <span class='ocrx_word' id='word_1_27' title='bbox 610 559 836 597; x_wconf 75' lang='lat' dir='ltr'><strong>Brittaniam</strong></span> <span class='ocrx_word' id='word_1_28' title='bbox 882 573 1062 605; x_wconf 78' lang='lat' dir='ltr'><strong>reversus,</strong></span> <span class='ocrx_word' id='word_1_29' title='bbox 1103 561 1212 612; x_wconf 78' lang='lat' dir='ltr'><strong>prius</strong></span> <span class='ocrx_word' id='word_1_30' title='bbox 1257 561 1389 599; x_wconf 83' lang='lat' dir='ltr'><strong>claudo</strong></span> 
     </span>
     <span class='ocr_line' id='line_1_7' title="bbox 307 611 1390 664; baseline 0.002 -14"><span class='ocrx_word' id='word_1_31' title='bbox 307 611 431 650; x_wconf 76' lang='lat' dir='ltr'><strong>iuveni</strong></span> <span class='ocrx_word' id='word_1_32' title='bbox 451 613 645 657; x_wconf 78' lang='lat' dir='ltr'><strong>incessum,</strong></span> <span class='ocrx_word' id='word_1_33' title='bbox 668 612 798 650; x_wconf 80' lang='lat' dir='ltr'><strong>deinde</strong></span> <span class='ocrx_word' id='word_1_34' title='bbox 819 618 853 650; x_wconf 77' lang='lat' dir='ltr'><strong>et</strong></span> <span class='ocrx_word' id='word_1_35' title='bbox 869 614 1009 664; x_wconf 82' lang='lat' dir='ltr'><strong>populo</strong></span> <span class='ocrx_word' id='word_1_36' title='bbox 1030 614 1120 659; x_wconf 78' lang='lat' dir='ltr'><strong>Dei,</strong></span> <span class='ocrx_word' id='word_1_37' title='bbox 1143 613 1390 652; x_wconf 80' lang='lat' dir='ltr'><strong>condemnatis</strong></span> 
     </span>
     <span class='ocr_line' id='line_1_8' title="bbox 307 666 1361 719; baseline 0.002 -16"><span class='ocrx_word' id='word_1_38' title='bbox 307 666 383 703; x_wconf 77' lang='lat' dir='ltr'><strong>sive</strong></span> <span class='ocrx_word' id='word_1_39' title='bbox 399 666 599 703; x_wconf 78' lang='lat' dir='ltr'><strong>emendatis</strong></span> <span class='ocrx_word' id='word_1_40' title='bbox 617 666 821 712; x_wconf 79' lang='lat' dir='ltr'><strong>haereticis,</strong></span> <span class='ocrx_word' id='word_1_41' title='bbox 837 680 1005 718; x_wconf 75' lang='lat' dir='ltr'><strong>gressum</strong></span> <span class='ocrx_word' id='word_1_42' title='bbox 1022 668 1246 719; x_wconf 77' lang='lat' dir='ltr'><strong>recuperarit</strong></span> <span class='ocrx_word' id='word_1_43' title='bbox 1249 667 1361 718; x_wconf 83' lang='lat' dir='ltr'><strong>fidei.</strong></span> 
     </span>
    </p>
   </div>
   <div class='ocr_carea' id='block_1_5' title="bbox 203 751 1390 1838">
    <p class='ocr_par' dir='ltr' id='par_1_5' title="bbox 205 751 1390 1514">
     <span class='ocr_line' id='line_1_9' title="bbox 258 751 1388 803; baseline 0.002 -15"><span class='ocrx_word' id='word_1_44' title='bbox 258 751 343 789; x_wconf 65' lang='lat' dir='ltr'><strong>Nnc</strong></span> <span class='ocrx_word' id='word_1_45' title='bbox 387 752 516 789; x_wconf 90' lang='lat' dir='ltr'><strong>multo</strong></span> <span class='ocrx_word' id='word_1_46' title='bbox 560 754 798 802; x_wconf 83' lang='lat' dir='ltr'><strong>interposito</strong></span> <span class='ocrx_word' id='word_1_47' title='bbox 843 758 1041 803; x_wconf 90' lang='lat' dir='ltr'><strong>tempore,</strong></span> <span class='ocrx_word' id='word_1_48' title='bbox 1085 756 1295 791; x_wconf 87' lang='lat' dir='ltr'><strong>nuntiatur</strong></span> <span class='ocrx_word' id='word_1_49' title='bbox 1338 767 1388 792; x_wconf 87' lang='lat' dir='ltr'><strong>ex</strong></span> 
     </span>
     <span class='ocr_line' id='line_1_10' title="bbox 207 815 1389 867; baseline 0.001 -13"><span class='ocrx_word' id='word_1_50' title='bbox 207 816 351 854; x_wconf 89' lang='lat' dir='ltr'><strong>eadem</strong></span> <span class='ocrx_word' id='word_1_51' title='bbox 396 816 538 861; x_wconf 88' lang='lat' dir='ltr'><strong>insula,</strong></span> <span class='ocrx_word' id='word_1_52' title='bbox 584 815 845 867; x_wconf 89' lang='lat' dir='ltr'><strong>Pelagianam</strong></span> <span class='ocrx_word' id='word_1_53' title='bbox 889 819 1198 867; x_wconf 88' lang='lat' dir='ltr'><strong>perversitatem</strong></span> <span class='ocrx_word' id='word_1_54' title='bbox 1241 821 1389 856; x_wconf 87' lang='lat' dir='ltr'><strong>iterato</strong></span> 
     </span>
     <span class='ocr_line' id='line_1_11' title="bbox 205 881 1388 932; baseline 0.003 -15"><span class='ocrx_word' id='word_1_55' title='bbox 205 883 341 930; x_wconf 87' lang='lat' dir='ltr'><strong>paucis</strong></span> <span class='ocrx_word' id='word_1_56' title='bbox 358 881 587 919; x_wconf 89' lang='lat' dir='ltr'><strong>auctoribus</strong></span> <span class='ocrx_word' id='word_1_57' title='bbox 603 881 784 919; x_wconf 89' lang='lat' dir='ltr'><strong>dilatari:</strong></span> <span class='ocrx_word' id='word_1_58' title='bbox 813 894 1030 932; x_wconf 88' lang='lat' dir='ltr'><strong>rursusque</strong></span> <span class='ocrx_word' id='word_1_59' title='bbox 1047 883 1098 920; x_wconf 88' lang='lat' dir='ltr'><strong>ad</strong></span> <span class='ocrx_word' id='word_1_60' title='bbox 1112 883 1388 921; x_wconf 82' lang='lat' dir='ltr'><strong>beatissimum</strong></span> 
     </span>
     <span class='ocr_line' id='line_1_12' title="bbox 207 946 1390 995; baseline 0.003 -14"><span class='ocrx_word' id='word_1_61' title='bbox 207 947 333 982; x_wconf 88' lang='lat' dir='ltr'><strong>virum</strong></span> <span class='ocrx_word' id='word_1_62' title='bbox 370 958 510 995; x_wconf 89' lang='lat' dir='ltr'><strong>preces</strong></span> <span class='ocrx_word' id='word_1_63' title='bbox 547 946 803 984; x_wconf 83' lang='lat' dir='ltr'><strong>sacerdotum</strong></span> <span class='ocrx_word' id='word_1_64' title='bbox 839 949 1018 983; x_wconf 90' lang='lat' dir='ltr'><strong>omnium</strong></span> <span class='ocrx_word' id='word_1_65' title='bbox 1055 946 1307 992; x_wconf 87' lang='lat' dir='ltr'><strong>deferuntur,</strong></span> <span class='ocrx_word' id='word_1_66' title='bbox 1343 953 1390 985; x_wconf 89' lang='lat' dir='ltr'><strong>ut</strong></span> 
     </span>
     <span class='ocr_line' id='line_1_13' title="bbox 206 1009 1387 1061; baseline 0.003 -15"><span class='ocrx_word' id='word_1_67' title='bbox 206 1023 367 1046; x_wconf 88' lang='lat' dir='ltr'><strong>causam</strong></span> <span class='ocrx_word' id='word_1_68' title='bbox 416 1009 509 1055; x_wconf 92' lang='lat' dir='ltr'><strong>Dei,</strong></span> <span class='ocrx_word' id='word_1_69' title='bbox 556 1023 678 1061; x_wconf 88' lang='lat' dir='ltr'><strong>quam</strong></span> <span class='ocrx_word' id='word_1_70' title='bbox 724 1013 833 1060; x_wconf 87' lang='lat' dir='ltr'><strong>prius</strong></span> <span class='ocrx_word' id='word_1_71' title='bbox 879 1011 1126 1056; x_wconf 79' lang='lat' dir='ltr'><strong>obtinuerat,</strong></span> <span class='ocrx_word' id='word_1_72' title='bbox 1171 1017 1387 1050; x_wconf 85' lang='lat' dir='ltr'><strong>tutaretur.</strong></span> 
     </span>
     <span class='ocr_line' id='line_1_14' title="bbox 206 1073 1388 1128; baseline 0.003 -16"><span class='ocrx_word' id='word_1_73' title='bbox 206 1073 386 1121; x_wconf 84' lang='lat' dir='ltr'><strong>Quorum</strong></span> <span class='ocrx_word' id='word_1_74' title='bbox 430 1077 620 1125; x_wconf 87' lang='lat' dir='ltr'><strong>petitioni</strong></span> <span class='ocrx_word' id='word_1_75' title='bbox 664 1074 835 1113; x_wconf 89' lang='lat' dir='ltr'><strong>festinus</strong></span> <span class='ocrx_word' id='word_1_76' title='bbox 880 1076 1150 1126; x_wconf 79' lang='lat' dir='ltr'><strong>obtemperat.</strong></span> <span class='ocrx_word' id='word_1_77' title='bbox 1203 1076 1388 1128; x_wconf 88' lang='lat' dir='ltr'><strong>Namque</strong></span> 
     </span>
     <span class='ocr_line' id='line_1_15' title="bbox 207 1138 1388 1192; baseline 0.003 -16"><span class='ocrx_word' id='word_1_78' title='bbox 207 1139 396 1177; x_wconf 87' lang='lat' dir='ltr'><strong>adiuncto</strong></span> <span class='ocrx_word' id='word_1_79' title='bbox 419 1140 494 1177; x_wconf 86' lang='lat' dir='ltr'><strong>sibi</strong></span> <span class='ocrx_word' id='word_1_80' title='bbox 517 1138 665 1178; x_wconf 83' lang='lat' dir='ltr'><strong>Severo</strong></span> <span class='ocrx_word' id='word_1_81' title='bbox 688 1143 813 1178; x_wconf 89' lang='lat' dir='ltr'><strong>totius</strong></span> <span class='ocrx_word' id='word_1_82' title='bbox 837 1143 1064 1178; x_wconf 84' lang='lat' dir='ltr'><strong>sanctitatis</strong></span> <span class='ocrx_word' id='word_1_83' title='bbox 1087 1143 1184 1186; x_wconf 81' lang='lat' dir='ltr'><strong>viro,</strong></span> <span class='ocrx_word' id='word_1_84' title='bbox 1208 1143 1277 1192; x_wconf 92' lang='lat' dir='ltr'><strong>qui</strong></span> <span class='ocrx_word' id='word_1_85' title='bbox 1301 1147 1388 1180; x_wconf 87' lang='lat' dir='ltr'><strong>erat</strong></span> 
     </span>
     <span class='ocr_line' id='line_1_16' title="bbox 206 1203 1388 1256; baseline 0.003 -16"><span class='ocrx_word' id='word_1_86' title='bbox 206 1203 422 1254; x_wconf 89' lang='lat' dir='ltr'><strong>discipulus</strong></span> <span class='ocrx_word' id='word_1_87' title='bbox 471 1205 694 1242; x_wconf 79' lang='lat' dir='ltr'><strong>beatissimi</strong></span> <span class='ocrx_word' id='word_1_88' title='bbox 743 1207 869 1255; x_wconf 91' lang='lat' dir='ltr'><strong>patris</strong></span> <span class='ocrx_word' id='word_1_89' title='bbox 921 1204 1026 1256; x_wconf 90' lang='lat' dir='ltr'><strong>Lupi</strong></span> <span class='ocrx_word' id='word_1_90' title='bbox 1075 1205 1388 1244; x_wconf 87' lang='lat' dir='ltr'><strong>Treeasenorum</strong></span> 
     </span>
     <span class='ocr_line' id='line_1_17' title="bbox 206 1268 1387 1322; baseline 0.004 -18"><span class='ocrx_word' id='word_1_91' title='bbox 206 1270 395 1318; x_wconf 89' lang='lat' dir='ltr'><strong>episcopi,</strong></span> <span class='ocrx_word' id='word_1_92' title='bbox 410 1274 453 1306; x_wconf 90' lang='lat' dir='ltr'><strong>et</strong></span> <span class='ocrx_word' id='word_1_93' title='bbox 465 1274 563 1306; x_wconf 89' lang='lat' dir='ltr'><strong>tunc</strong></span> <span class='ocrx_word' id='word_1_94' title='bbox 575 1268 746 1307; x_wconf 86' lang='lat' dir='ltr'><strong>Treviris</strong></span> <span class='ocrx_word' id='word_1_95' title='bbox 759 1270 965 1307; x_wconf 85' lang='lat' dir='ltr'><strong>ordinatus</strong></span> <span class='ocrx_word' id='word_1_96' title='bbox 979 1272 1188 1320; x_wconf 91' lang='lat' dir='ltr'><strong>episcopus</strong></span> <span class='ocrx_word' id='word_1_97' title='bbox 1198 1271 1387 1322; x_wconf 85' lang='lat' dir='ltr'><strong>gentibus</strong></span> 
     </span>
     <span class='ocr_line' id='line_1_18' title="bbox 207 1332 1388 1384; baseline 0.003 -15"><span class='ocrx_word' id='word_1_98' title='bbox 207 1335 359 1382; x_wconf 80' lang='lat' dir='ltr'><strong>primae</strong></span> <span class='ocrx_word' id='word_1_99' title='bbox 393 1332 634 1371; x_wconf 86' lang='lat' dir='ltr'><strong>Germaniae</strong></span> <span class='ocrx_word' id='word_1_100' title='bbox 662 1335 830 1372; x_wconf 82' lang='lat' dir='ltr'><strong>verbum</strong></span> <span class='ocrx_word' id='word_1_101' title='bbox 857 1335 1131 1384; x_wconf 83' lang='lat' dir='ltr'><strong>praedicabat,</strong></span> <span class='ocrx_word' id='word_1_102' title='bbox 1158 1349 1269 1374; x_wconf 90' lang='lat' dir='ltr'><strong>mare</strong></span> <span class='ocrx_word' id='word_1_103' title='bbox 1297 1349 1388 1373; x_wconf 89' lang='lat' dir='ltr'><strong>con-</strong></span> 
     </span>
     <span class='ocr_line' id='line_1_19' title="bbox 206 1397 1387 1451; baseline 0.003 -17"><span class='ocrx_word' id='word_1_104' title='bbox 206 1397 375 1442; x_wconf 87' lang='lat' dir='ltr'><strong>scendit,</strong></span> <span class='ocrx_word' id='word_1_105' title='bbox 426 1404 469 1436; x_wconf 90' lang='lat' dir='ltr'><strong>et</strong></span> <span class='ocrx_word' id='word_1_106' title='bbox 518 1399 862 1437; x_wconf 85' lang='lat' dir='ltr'><strong>consentientibus</strong></span> <span class='ocrx_word' id='word_1_107' title='bbox 914 1399 1124 1437; x_wconf 88' lang='lat' dir='ltr'><strong>elementis</strong></span> <span class='ocrx_word' id='word_1_108' title='bbox 1172 1400 1387 1451; x_wconf 89' lang='lat' dir='ltr'><strong>tranquillo</strong></span> 
     </span>
     <span class='ocr_line' id='line_1_20' title="bbox 207 1461 750 1514; baseline 0.004 -16"><span class='ocrx_word' id='word_1_109' title='bbox 207 1464 364 1513; x_wconf 87' lang='lat' dir='ltr'><strong>navigio</strong></span> <span class='ocrx_word' id='word_1_110' title='bbox 381 1461 600 1501; x_wconf 82' lang='lat' dir='ltr'><strong>Brittanias</strong></span> <span class='ocrx_word' id='word_1_111' title='bbox 618 1466 750 1514; x_wconf 85' lang='lat' dir='ltr'><strong>petiit.</strong></span> 
     </span>
    </p>

    <p class='ocr_par' dir='ltr' id='par_1_6' title="bbox 203 1525 1386 1838">
     <span class='ocr_line' id='line_1_21' title="bbox 256 1525 1386 1579; baseline 0.003 -15"><span class='ocrx_word' id='word_1_112' title='bbox 256 1525 421 1565; x_wconf 85' lang='lat' dir='ltr'><strong>Interea</strong></span> <span class='ocrx_word' id='word_1_113' title='bbox 438 1530 586 1565; x_wconf 88' lang='lat' dir='ltr'><strong>sinistri</strong></span> <span class='ocrx_word' id='word_1_114' title='bbox 604 1530 766 1578; x_wconf 86' lang='lat' dir='ltr'><strong>spiritus</strong></span> <span class='ocrx_word' id='word_1_115' title='bbox 783 1528 1038 1579; x_wconf 80' lang='lat' dir='ltr'><strong>pervolantes</strong></span> <span class='ocrx_word' id='word_1_116' title='bbox 1055 1534 1187 1567; x_wconf 85' lang='lat' dir='ltr'><strong>totam</strong></span> <span class='ocrx_word' id='word_1_117' title='bbox 1202 1529 1386 1575; x_wconf 87' lang='lat' dir='ltr'><strong>insulam,</strong></span> 
     </span>
     <span class='ocr_line' id='line_1_22' title="bbox 205 1589 1386 1638; baseline 0.003 -10"><span class='ocrx_word' id='word_1_118' title='bbox 205 1589 453 1629; x_wconf 84' lang='lat' dir='ltr'><strong>Germanum</strong></span> <span class='ocrx_word' id='word_1_119' title='bbox 465 1594 601 1630; x_wconf 87' lang='lat' dir='ltr'><strong>venire</strong></span> <span class='ocrx_word' id='word_1_120' title='bbox 612 1594 746 1630; x_wconf 86' lang='lat' dir='ltr'><strong>invitis</strong></span> <span class='ocrx_word' id='word_1_121' title='bbox 758 1594 1109 1631; x_wconf 87' lang='lat' dir='ltr'><strong>vaticinationibus</strong></span> <span class='ocrx_word' id='word_1_122' title='bbox 1121 1594 1365 1632; x_wconf 87' lang='lat' dir='ltr'><strong>nuntiabant</strong></span> <span class='ocrx_word' id='word_1_123' title='bbox 1377 1606 1386 1638; x_wconf 84' lang='lat'><em>3</em></span> 
     </span>
     <span class='ocr_line' id='line_1_23' title="bbox 203 1656 1386 1709; baseline 0.004 -17"><span class='ocrx_word' id='word_1_124' title='bbox 203 1656 244 1692; x_wconf 93' lang='lat' dir='ltr'><strong>in</strong></span> <span class='ocrx_word' id='word_1_125' title='bbox 266 1660 428 1693; x_wconf 88' lang='lat' dir='ltr'><strong>tantum</strong></span> <span class='ocrx_word' id='word_1_126' title='bbox 452 1662 499 1694; x_wconf 92' lang='lat' dir='ltr'><strong>ut</strong></span> <span class='ocrx_word' id='word_1_127' title='bbox 522 1656 672 1694; x_wconf 85' lang='lat' dir='ltr'><strong>Elafius</strong></span> <span class='ocrx_word' id='word_1_128' title='bbox 696 1657 860 1708; x_wconf 86' lang='lat' dir='ltr'><strong>quidam</strong></span> <span class='ocrx_word' id='word_1_129' title='bbox 883 1660 1056 1709; x_wconf 84' lang='lat' dir='ltr'><strong>regionis</strong></span> <span class='ocrx_word' id='word_1_130' title='bbox 1078 1657 1182 1696; x_wconf 89' lang='lat' dir='ltr'><strong>illius</strong></span> <span class='ocrx_word' id='word_1_131' title='bbox 1205 1659 1386 1708; x_wconf 85' lang='lat' dir='ltr'><strong>primus,¹</strong></span> 
     </span>
     <span class='ocr_line' id='line_1_24' title="bbox 204 1721 1384 1761; baseline 0.003 -4"><span class='ocrx_word' id='word_1_132' title='bbox 204 1721 244 1757; x_wconf 85' lang='lat' dir='ltr'><strong>in</strong></span> <span class='ocrx_word' id='word_1_133' title='bbox 286 1733 449 1758; x_wconf 89' lang='lat' dir='ltr'><strong>occursu</strong></span> <span class='ocrx_word' id='word_1_134' title='bbox 491 1727 721 1759; x_wconf 84' lang='lat' dir='ltr'><strong>sanctorum</strong></span> <span class='ocrx_word' id='word_1_135' title='bbox 762 1724 847 1760; x_wconf 87' lang='lat' dir='ltr'><strong>sine</strong></span> <span class='ocrx_word' id='word_1_136' title='bbox 890 1722 970 1759; x_wconf 85' lang='lat' dir='ltr'><strong>ulla</strong></span> <span class='ocrx_word' id='word_1_137' title='bbox 1011 1722 1214 1761; x_wconf 86' lang='lat' dir='ltr'><strong>manifesti</strong></span> <span class='ocrx_word' id='word_1_138' title='bbox 1254 1725 1384 1761; x_wconf 89' lang='lat' dir='ltr'><strong>nuntii</strong></span> 
     </span>
     <span class='ocr_line' id='line_1_25' title="bbox 203 1783 1385 1838; baseline 0.005 -19"><span class='ocrx_word' id='word_1_139' title='bbox 203 1783 398 1824; x_wconf 83' lang='lat' dir='ltr'><strong>relatione</strong></span> <span class='ocrx_word' id='word_1_140' title='bbox 418 1792 667 1835; x_wconf 88' lang='lat' dir='ltr'><strong>properaret,</strong></span> <span class='ocrx_word' id='word_1_141' title='bbox 689 1785 882 1824; x_wconf 80' lang='lat' dir='ltr'><strong>exhibens</strong></span> <span class='ocrx_word' id='word_1_142' title='bbox 903 1800 1038 1825; x_wconf 88' lang='lat' dir='ltr'><strong>secum</strong></span> <span class='ocrx_word' id='word_1_143' title='bbox 1060 1787 1183 1824; x_wconf 87' lang='lat' dir='ltr'><strong>filium</strong></span> <span class='ocrx_word' id='word_1_144' title='bbox 1203 1800 1325 1838; x_wconf 91' lang='lat' dir='ltr'><strong>quem</strong></span> <span class='ocrx_word' id='word_1_145' title='bbox 1343 1789 1385 1825; x_wconf 91' lang='lat' dir='ltr'><strong>in</strong></span> 
     </span>
    </p>
   </div>
   <div class='ocr_carea' id='block_1_6' title="bbox 511 1884 1083 1925">
    <p class='ocr_par' dir='ltr' id='par_1_7' title="bbox 511 1884 1083 1925">
     <span class='ocr_line' id='line_1_26' title="bbox 511 1884 1083 1925; baseline 0.002 -9"><span class='ocrx_word' id='word_1_146' title='bbox 511 1885 523 1904; x_wconf 75' lang='lat'>²</span> <span class='ocrx_word' id='word_1_147' title='bbox 551 1884 593 1916; x_wconf 78' lang='lat' dir='ltr'><strong>Ut</strong></span> <span class='ocrx_word' id='word_1_148' title='bbox 608 1885 697 1916; x_wconf 78' lang='lat' dir='ltr'><strong>after</strong></span> <span class='ocrx_word' id='word_1_149' title='bbox 712 1885 797 1925; x_wconf 80' lang='lat' dir='ltr'><strong>prim</strong></span> <span class='ocrx_word' id='word_1_150' title='bbox 804 1895 841 1916; x_wconf 73' lang='lat' dir='ltr'><strong>us</strong></span> <span class='ocrx_word' id='word_1_151' title='bbox 856 1885 1015 1922; x_wconf 81' lang='lat' dir='ltr'><strong>omitted,</strong></span> <span class='ocrx_word' id='word_1_152' title='bbox 1031 1885 1083 1917; x_wconf 91' lang='lat' dir='ltr'><strong>Pl.</strong></span> 
     </span>
    </p>
   </div>
   <div class='ocr_carea' id='block_1_7' title="bbox 472 1986 1126 2026">
    <p class='ocr_par' dir='ltr' id='par_1_8' title="bbox 472 1986 1126 2026">
     <span class='ocr_line' id='line_1_27' title="bbox 472 1986 1126 2026; baseline 0.003 -9"><span class='ocrx_word' id='word_1_153' title='bbox 472 1987 483 2006; x_wconf 89' lang='lat'>¹</span> <span class='ocrx_word' id='word_1_154' title='bbox 508 1986 559 2018; x_wconf 83' lang='lat' dir='ltr'><strong>i.e.</strong></span> <span class='ocrx_word' id='word_1_155' title='bbox 576 1986 766 2026; x_wconf 68' lang='lat' dir='ltr'><strong>superioris,</strong></span> <span class='ocrx_word' id='word_1_156' title='bbox 783 1990 865 2018; x_wconf 82' lang='lat' dir='ltr'><strong>west·</strong></span> <span class='ocrx_word' id='word_1_157' title='bbox 881 1987 917 2018; x_wconf 80' lang='lat' dir='ltr'><strong>of</strong></span> <span class='ocrx_word' id='word_1_158' title='bbox 931 1986 989 2018; x_wconf 85' lang='lat' dir='ltr'><strong>the</strong></span> <span class='ocrx_word' id='word_1_159' title='bbox 1004 1987 1126 2019; x_wconf 86' lang='lat' dir='ltr'><strong>Rhine.</strong></span> 
     </span>
    </p>
   </div>
   <div class='ocr_carea' id='block_1_8' title="bbox 207 2041 254 2077">
    <p class='ocr_par' dir='ltr' id='par_1_9' title="bbox 207 2041 254 2077">
     <span class='ocr_line' id='line_1_28' title="bbox 207 2041 254 2077; baseline -0.043 0"><span class='ocrx_word' id='word_1_160' title='bbox 207 2041 254 2077; x_wconf 80' lang='lat'><strong>94</strong></span> 
     </span>
    </p>
   </div>
  </div>
 </body>
</html>
