1473 2322
449 152 560 189 THE
596 152 927 190 VENERABLE
961 153 1108 191 BEDE

187 258 306 292 tionis
339 254 469 299 Adae,
493 256 617 292 etiam
648 256 734 292 sine
759 253 906 292 actuali
937 261 1104 305 peccato
1136 259 1372 301 existentes,

188 314 349 358 portare
370 313 610 351 noscuntur3
645 308 866 345 secundum
885 308 1126 358 prophetam
1146 310 1371 348 dicentem:

188 363 195 374 ⁴
216 363 321 399 Ecce
354 363 461 399 enim
498 364 540 398 in
570 363 852 412 iniquitatibus
889 369 1106 412 conceptus
1139 377 1226 400 sum
1259 369 1302 401 et
1331 367 1371 401 in

188 417 363 465 peccatis
381 417 567 465 concepit
583 429 648 452 me
666 421 798 467 mate&
814 415 934 453 mea.’
955 415 976 428 '’

666 566 784 603 CAP.
822 566 899 603 XX

193 661 243 699 Ut
265 661 382 699 occiso
407 660 575 698 Aeduino
599 660 782 697 Paulinus
809 659 979 698 Cantium
1003 660 1146 699 rediens
1170 661 1373 713 Hrofensz‘s

444 714 617 752 ecclesiae
631 714 886 765 praesulatum
906 715 1114 766 susceperit.

238 810 301 846 AT
319 821 413 846 vero
432 807 608 845 Aeduini
627 821 717 845 cum
734 808 874 845 decem
895 813 938 845 et
956 813 1115 858 septem
1128 811 1240 846 annis
1259 812 1372 859 genti

186 861 411 912 Anglorum
426 860 543 898 simul
560 867 602 898 et
616 861 846 898 Brittonum
858 860 1139 911 gloriosissime
1151 868 1373 912 praeesset,

188 930 210 953 e
238 916 382 966 quibus
409 928 480 953 sex
509 917 632 953 etiam
659 918 759 964 ipse,
786 921 833 952 ut
859 915 1047 961 diximus,
1074 915 1222 953 Christi
1247 930 1372 967 regno

186 969 388 1014 militavit,
427 968 640 1006 rebellavit
679 969 869 1006 adversus
910 982 1003 1006 eum
1044 968 1263 1007 Caedualla
1301 984 1373 1008 rex

186 1024 441 1068 Brettonum,
449 1022 637 1059 auxilium
650 1023 874 1073 praebente
886 1022 942 1059 illi
950 1022 1089 1060 Penda
1095 1025 1177 1060 viro
1183 1026 1373 1061 strenuis-

187 1081 286 1115 simo
311 1077 362 1115 de
385 1079 497 1127 regio
517 1090 667 1126 genere
690 1075 948 1122 Merciorum‚
969 1079 1036 1127 qui
1058 1082 1100 1114 et
1118 1079 1204 1127 ipse
1225 1091 1275 1115 ex
1288 1078 1304 1101 1
1325 1091 1373 1115 eo

187 1138 371 1181 tempore
397 1133 531 1181 gentis
559 1131 739 1168 eiusdem
765 1143 890 1180 regno
913 1133 1026 1167 annis
1048 1132 1190 1180 viginti
1213 1136 1255 1169 et
1276 1131 1373 1169 duo-

187 1187 261 1223 bus
284 1187 393 1222 varia
414 1190 523 1222 sorte
544 1183 744 1234 praefuit:
768 1189 810 1221 et
830 1189 1015 1221 conserto
1034 1186 1145 1234 gravi
1157 1184 1310 1234 praelio
1331 1187 1372 1222 in

187 1253 329 1289 campo
345 1240 413 1289 qui
426 1243 591 1275 vocatur
604 1236 862 1282 Haethfelth‚
874 1240 1024 1275 occisus
1039 1244 1101 1275 est
1114 1238 1288 1275 Aeduini
1307 1238 1372 1276 die

187 1299 333 1344 quarta
346 1292 492 1330 Iduum
506 1291 707 1336 Octobris,
721 1305 825 1329 anno
837 1290 1074 1329 Dominicac
1088 1294 1372 1330 incarnationis

187 1348 482 1385 sexcentesimo
513 1347 715 1383 tricesimo
746 1347 883 1390 tertio,
913 1358 1005 1382 cum
1037 1350 1145 1383 esset
1176 1359 1371 1383 annorum

188 1401 458 1452 quadraginta
483 1404 526 1437 et
549 1405 662 1437 octo:
692 1401 859 1450 eiusque
882 1404 994 1436 totus
1017 1398 1082 1436 vel
1103 1401 1372 1450 interemptus

188 1454 249 1493 vel
270 1455 471 1504 dispersus
488 1458 550 1491 est
571 1455 784 1491 exercitus.
839 1452 887 1489 In
907 1466 986 1503 quo
1006 1454 1131 1490 etiam
1149 1452 1257 1491 bello
1277 1459 1372 1491 ante

187 1508 299 1546 illum
317 1521 419 1545 unus
437 1506 539 1544 filius
559 1509 643 1544 eius
661 1506 799 1544 Osfrid
814 1508 968 1544 iuvenis
985 1505 1196 1544 bellicosus
1214 1507 1373 1553 cecidit,

188 1561 291 1600 alter
310 1561 480 1599 Eadfrid
499 1562 743 1598 necessitate
765 1565 937 1610 cogente
960 1560 1011 1597 ad
1033 1558 1213 1598 Pendam
1233 1574 1372 1611 regem

187 1615 421 1665 transfugit,
450 1619 494 1652 et
522 1615 573 1652 ab
603 1627 651 1652 eo
680 1614 938 1664 postmodum
966 1619 1166 1664 regnante
1195 1613 1373 1653 osualdo

188 1675 328 1707 contra
346 1669 467 1706 fidem
485 1668 740 1705 iurisiurandi
758 1673 993 1718 peremptus
1013 1673 1087 1705 est.

238 1722 329 1770 Quo
350 1728 535 1772 tempore
557 1724 734 1759 maxima
756 1727 819 1760 est
834 1721 942 1758 facta
964 1726 1120 1771 strages
1141 1722 1183 1758 in
1205 1719 1372 1759 ecclesia

188 1776 251 1814 vel
271 1782 395 1826 gente
415 1775 857 1826 Nordanhymbrorum‚
875 1777 1052 1813 maxime
1073 1774 1180 1825 quod
1199 1787 1301 1811 unus
1321 1788 1371 1812 ex

596 1892 607 1911 1
630 1892 685 1924 for
701 1901 736 1924 eo
752 1895 906 1932 tempore,
923 1891 975 1922 Pl.

683 2010 694 2029 ¹
719 2009 776 2041 Ps.
792 2009 829 2041 li.
846 2010 878 2040 5.

188 2085 259 2122 314
