1473 2322
288 445 387 493 DE
433 445 923 494 VENERABILIS
970 446 1264 494 BAEDAE

406 560 670 599 HISTORIA
709 561 1135 600 ECCLESIASTICA

519 630 718 669 GENTIS
755 630 1079 670 ANGLORUM

604 754 678 793 PR
686 755 720 793 A
727 754 949 794 EFATIO

183 857 616 897 GLORIOSISSIMO
646 858 781 896 REGI
808 857 1147 897 CEOLUULFO
1177 857 1367 895 BAEDA

273 919 545 958 FAMULUS
584 920 817 966 CHRISTI,
855 921 925 958 ET
961 920 1277 958 PRESBYTER

234 1007 465 1044 HISTomAM
490 1007 633 1045 Gentis
657 1007 880 1059 Anglorum
903 1007 1225 1046 Ecclesiasticam
1248 1021 1370 1058 quam

192 1079 320 1116 nuper
344 1066 566 1112 edideram,
596 1067 861 1105 libentissime
890 1068 965 1105 tibi
995 1067 1255 1111 desideranti,
1283 1079 1370 1110 rex,

183 1130 226 1163 et
255 1128 364 1175 prius
395 1126 446 1163 ad
475 1125 693 1177 legendum
725 1139 770 1164 ac
799 1126 1052 1176 probandum
1081 1128 1297 1170 transmisi,
1327 1131 1371 1164 et

182 1197 289 1221 nunc
326 1184 377 1221 ad
415 1185 784 1222 transscribendum
821 1198 868 1222 ao
904 1184 1060 1234 plenius
1098 1197 1148 1222 ex
1186 1190 1370 1234 tempore

181 1242 463 1280 meditandum
497 1246 797 1281 retransmitto:
846 1246 1026 1294 satisque
1060 1243 1238 1281 studium
1273 1249 1370 1281 tuae

183 1303 424 1339 sinceritatis
468 1302 703 1352 amplector,
747 1315 826 1352 quo
868 1315 949 1339 non
990 1302 1117 1340 solum
1161 1301 1370 1339 audiendis

183 1359 412 1410 Scripturae
454 1367 619 1399 sanctae
660 1362 792 1399 verbis
834 1374 972 1398 aurem
1014 1361 1175 1399 sedulus
1217 1374 1371 1398 accom-

182 1419 336 1465 modas,
366 1432 505 1457 verum
536 1423 659 1458 etiam
689 1420 899 1458 noscendis
928 1423 1103 1470 priorum
1132 1422 1258 1471 gestis
1287 1422 1370 1457 sive

184 1478 300 1516 dietis
327 1484 370 1516 et
394 1482 571 1516 maxime
597 1485 759 1517 nostrae
785 1482 918 1530 gentis
945 1482 1117 1516 virorum
1143 1478 1370 1523 illustrium,

183 1551 319 1575 curam
328 1538 759 1588 vigilanterimpendis.
791 1538 882 1576 Sive
896 1541 1003 1576 enim
1016 1538 1181 1576 historia
1193 1538 1243 1576 de
1256 1538 1370 1575 bonis

184 1596 289 1632 bona
314 1596 479 1642 referat,
499 1598 551 1635 ad
573 1597 813 1635 imitandum
833 1598 983 1634 bonum
1004 1597 1162 1634 auditor
1180 1596 1370 1634 sollicitus

183 1658 421 1706 instigatum
457 1669 529 1693 seu
550 1656 657 1693 mala
679 1662 968 1694 commemoret
990 1656 1041 1694 de
1063 1657 1208 1706 pravis,
1231 1653 1371 1692 nihilo-

183 1716 314 1752 minus
332 1715 540 1766 religiosus
560 1728 606 1753 ac
623 1717 711 1766 pius
731 1715 890 1752 auditor
908 1717 990 1752 sive
1008 1714 1135 1752 lector
1152 1713 1370 1752 devitando

185 1773 293 1824 quod
324 1776 488 1811 noxium
522 1780 585 1812 est
616 1787 662 1811 ac
693 1787 940 1824 perversum,
970 1776 1056 1824 ipse
1087 1772 1286 1811 sollertius
1318 1772 1369 1810 ad

185 1832 445 1883 exsequenda
467 1845 516 1870 ea
537 1845 641 1883 quae
666 1833 773 1871 bona
793 1846 840 1871 ac
861 1832 952 1870 Deo
973 1832 1096 1884 digna
1117 1844 1204 1869 esse
1225 1844 1371 1882 cogno-

317 1984 328 2003 1
352 1984 419 2015 For
434 1982 598 2015 ceolwulf
613 1983 657 2015 of.
673 1983 715 2014 V.
731 1984 786 2016 23.

317 2026 329 2046 ²
354 2025 457 2066 Angli
471 2026 555 2058 used
568 2029 632 2058 not
645 2026 682 2059 of
694 2026 754 2058 the
767 2025 857 2058 tribe
871 2025 936 2058 but
950 2035 1044 2059 more
1056 2024 1240 2066 generally.
