1473 2322
469 114 581 152 THE
616 114 946 152 VENERABLE
979 114 1127 153 BEDE

208 216 352 254 eadem
376 216 441 253 die
465 229 552 254 esse
575 218 805 254 vicesimam
828 219 997 266 primam
1021 216 1219 254 crederet.
1272 216 1394 254 Cuius

207 280 390 330 regulam
429 280 696 318 distinctionis
737 294 805 318 vos
844 283 1048 331 ignorasse
1088 281 1248 331 probat,
1287 281 1394 331 quod

208 344 421 395 aliquoties
452 344 601 395 pascha
631 345 958 383 manifestissime
991 351 1085 383 ante
1117 345 1393 395 plenilunium.

207 410 249 447 id
267 415 343 455 est,
359 412 399 447 in
417 412 540 448 tertia
557 410 714 447 decima
729 409 825 447 luna
843 410 986 447 facitis.
1041 410 1105 447 De
1123 416 1239 460 patre
1257 416 1393 448 autem

208 480 341 513 vestro
369 473 565 512 Columba
592 480 636 513 et
661 476 900 525 sequacibus
928 478 1027 520 eius,
1054 488 1223 525 quorum
1249 477 1394 512 sancti-

206 547 338 579 tatem
365 554 434 578 vos
460 543 624 585 imitari,
651 546 694 579 et
720 540 903 591 regulam
931 554 976 578 ac
1003 547 1222 591 praecepta
1247 540 1395 579 caeles-

206 607 315 644 tibus
358 608 481 656 signis
524 605 761 642 confirmata
802 608 916 655 sequi
959 604 1194 655 perhibetis,
1237 619 1395 655 possem

205 670 450 721 respondere
464 682 474 714 ;
500 672 594 720 quia
605 669 741 706 multis
754 672 794 706 in
810 670 954 707 iudicio
967 670 1193 707 dicentibus
1205 669 1395 716 Domino,

207 736 315 787 quod
346 737 387 772 in
418 737 580 772 nomine
613 736 698 772 eius
730 734 1076 784 prophetaverint,
1107 740 1151 772 et
1182 734 1396 773 daemonia

207 802 414 844 eiecerint,
435 804 478 837 et
500 802 671 836 virtutes
691 798 839 836 multas
859 798 1044 844 fecerint,
1064 812 1324 849 responsurus
1344 803 1396 838 sit

207 865 405 902 Dominus
434 866 528 914 quia
555 876 763 913 nunquam
792 877 859 901 eos
887 866 1056 901 noverit.
1110 863 1190 902 Sed
1219 864 1324 901 absit
1350 870 1397 902 ut

207 930 257 967 de
284 929 466 979 patribus
492 930 634 966 vestris
671 927 745 964 hoc
784 928 937 966 dicam:
978 930 1073 978 quia
1098 931 1241 966 iustius
1267 928 1395 967 multo

207 999 283 1038 est,
322 993 373 1031 de
411 995 625 1043 incognitis
663 992 814 1030 bonum
853 992 1032 1037 credere,
1071 1006 1192 1043 quam
1230 993 1394 1032 malum.

207 1058 328 1096 Unde
352 1063 395 1096 et
416 1057 504 1095 illos
526 1056 606 1094 Dei
629 1056 814 1102 famulos,
837 1070 882 1094 ac
905 1057 995 1095 Deo
1018 1057 1184 1095 dilectos
1207 1071 1294 1096 esse
1316 1072 1396 1096 non

205 1136 326 1173 neg0,
362 1125 431 1173 qui
467 1121 725 1172 simplicitate
761 1125 924 1167 rustica,
959 1122 1032 1159 sed
1066 1125 1294 1161 intentione
1330 1125 1397 1173 pia

207 1187 342 1225 Deum
369 1186 611 1224 dilexerunt.
667 1186 811 1236 Neque
838 1186 913 1223 illis
939 1185 1112 1223 multum
1139 1188 1280 1225 obesse
1308 1200 1397 1225 reor

205 1251 330 1289 talem
361 1250 533 1302 paschae
564 1251 876 1296 observantiam,
906 1252 1085 1301 quandiu
1115 1251 1246 1289 nullus
1276 1252 1396 1290 adve-

205 1322 336 1362 nerat,
377 1318 445 1367 qui
486 1318 542 1354 eis
581 1317 758 1352 instituti
797 1315 1047 1366 perfectioris
1087 1315 1252 1354 decreta
1291 1329 1395 1367 quae

205 1386 487 1432 sequerentur,
510 1380 767 1418 ostenderet:
806 1393 905 1431 quos
935 1383 1076 1431 utique
1105 1381 1238 1426 credo,
1267 1383 1299 1418 si
1328 1384 1417 1432 qui>

205 1452 303 1484 tunc
328 1446 380 1483 ad
405 1458 472 1483 eos
497 1444 715 1483 catholicus
740 1444 958 1482 calculator
982 1445 1206 1491 adveniret,
1231 1448 1286 1483 sic
1311 1448 1395 1484 eius

204 1513 359 1549 monita
383 1510 504 1548 fuisse
529 1516 750 1555 secuturos,
775 1510 975 1560 quomodo
1000 1523 1048 1548 ea
1072 1523 1176 1561 quae
1200 1516 1397 1549 noverant

205 1588 252 1613 ac
276 1576 515 1620 didicerant,
539 1574 619 1613 Dei
643 1575 837 1613 mandata
861 1576 1083 1625 probantur
1106 1575 1228 1614 fuisse
1253 1578 1393 1614 secuti.

204 1640 265 1678 Tu
291 1646 429 1678 autem
456 1646 498 1678 et
523 1642 617 1678 socii
641 1642 716 1685 tui,
741 1642 773 1677 si
798 1640 937 1677 audita
962 1641 1127 1678 decreta
1151 1640 1256 1678 sedis
1281 1653 1395 1691 apos-

205 1704 365 1751 tolicae,
397 1707 520 1742 immo
554 1704 786 1743 universalis
821 1705 1027 1751 ecclesiae,
1061 1711 1104 1743 et
1136 1704 1236 1743 haec
1268 1705 1394 1743 literis

205 1772 325 1808 sacris
367 1769 603 1807 confirmata
646 1773 758 1820 sequi
803 1772 1074 1814 contemnitis,
1117 1771 1270 1820 absque
1313 1768 1394 1807 ulla

205 1834 460 1872 dubitatione
494 1836 683 1884 peccatis.
737 1835 825 1872 Etsi
860 1837 966 1873 enim
1002 1841 1137 1885 patres
1171 1837 1230 1872 tui
1265 1836 1393 1872 sancti

205 1898 385 1944 fuerunt,
421 1899 618 1949 numquid
655 1899 867 1937 universali
905 1912 1009 1950 quae
1047 1912 1119 1950 per
1154 1900 1293 1937 orbem
1331 1905 1394 1937 est

658 1994 672 2015 ¹
693 1994 797 2028 Matt.
814 1995 873 2027 vii.
888 1996 943 2028 22.

204 2052 276 2088 474
