1473 2322
466 168 576 204 THE
614 167 942 205 VENERABLE
977 167 1122 205 BEDE

202 271 349 319 quibus
389 269 486 305 nihil
525 272 710 307 resistere
731 282 847 319 posse
886 270 1078 313 iactabat,
1116 271 1383 320 interemptus

206 345 268 377 est
295 341 336 375 in
364 337 450 376 loco
479 341 547 387 qui
575 338 712 388 lingua
746 337 968 389 Anglorum
1002 338 1316 384 Denisesburna‚
1344 339 1385 377 id

206 413 268 446 est
287 409 391 445 rivus
411 407 552 445 Denisi
573 413 748 445 vocatur.

709 567 824 605 CAP.
863 567 903 604 II

212 661 260 698 Ut
285 661 328 698 (Ie
353 661 452 712 ligno
479 660 597 698 crucis
622 660 720 712 quod
743 660 835 698 idem
861 673 925 698 νεα·
949 666 1075 698 contra
1100 660 1274 698 barbaros
1294 675 1388 712 pug-

306 736 460 768 naturus
477 735 652 775 erexerat,
670 730 762 767 inter
777 729 967 767 innumera
985 729 1182 767 sanitatum
1198 729 1390 774 miracula,

307 799 457 851 quidam
477 813 499 836 a
515 799 668 836 dolentis
684 799 822 836 brachii
837 798 883 836 sit
898 799 1074 849 languore
1088 803 1248 836 curatus.

259 888 520 926 OSTENDITUR
534 893 673 925 autem
686 900 813 938 usque
826 886 945 924 hodie
959 892 1002 924 et
1015 889 1055 923 in
1068 899 1215 936 magna
1227 899 1391 925 venera-

207 961 318 996 tione
332 957 505 996 habetur
518 956 627 994 locus
640 955 722 1002 ille,
737 957 806 994 ubi
821 962 1012 994 venturus
1034 956 1085 993 ad
1098 955 1201 993 hane
1214 968 1392 1006 pugnam

207 1026 362 1066 Osuald
374 1030 532 1078 signum
546 1031 709 1063 sanctae
724 1027 848 1063 crucis
869 1027 1012 1069 erexit,
1027 1038 1072 1062 ac
1091 1024 1204 1063 flexis
1223 1025 1392 1075 genibus

208 1098 430 1135 Dominum
450 1096 690 1146 deprecatus
712 1100 786 1140 est,
808 1100 854 1132 ut
873 1097 914 1132 in
933 1099 1051 1131 tanta
1070 1107 1203 1132 rerum
1222 1097 1392 1133 necessi-

209 1172 297 1205 tate
347 1168 427 1204 suis
465 1164 683 1202 cultoribus
724 1163 891 1202 caelesti
936 1169 1186 1202 succurreret
1231 1163 1391 1201 auxilio.

210 1237 399 1286 Denique
415 1234 543 1272 fertur
559 1235 653 1284 quia
667 1232 776 1270 facta
792 1235 916 1270 citato
933 1246 1053 1283 opere
1070 1246 1200 1277 cruce,
1216 1246 1263 1270 ac
1277 1232 1395 1271 fovea

210 1309 450 1355 praeparata
462 1306 503 1340 in
517 1316 596 1353 qua
608 1305 733 1340 statui
746 1302 1019 1352 deberet,ipse
1034 1302 1111 1339 fide
1127 1300 1394 1340 fervenshanc

210 1375 437 1425 arripuerit,
457 1386 502 1410 ac
517 1372 658 1410 foveae
676 1373 925 1421 imposuerit,
945 1376 1068 1421 atque
1087 1376 1257 1421 utraque
1273 1385 1394 1409 manu

211 1449 390 1482 erectam
412 1444 603 1484 tenuerit,
629 1441 756 1478 donec
779 1441 947 1490 adgesto
971 1453 994 1476 a
1015 1439 1208 1477 militibus
1230 1439 1394 1489 pulvere

212 1519 345 1551 terrae
373 1511 575 1561 figeretur.
631 1510 684 1546 Et
710 1508 785 1546 hoc
804 1509 925 1553 facto,
946 1508 1054 1546 elata
1079 1512 1119 1545 in
1147 1508 1273 1546 altum
1299 1522 1395 1547 voce

214 1586 357 1619 cuncto
386 1582 577 1618 exercitu'
600 1578 927 1629 proclamaverit:
970 1578 991 1590 “
1012 1577 1238 1615 Flectamus
1257 1591 1395 1617 omnes

215 1664 362 1701 genua,
389 1655 431 1687 et
455 1648 592 1686 Deum
618 1650 938 1697 omnipotentem
964 1649 1096 1684 vivum
1123 1660 1168 1684 ac
1192 1660 1331 1685 verum
1354 1649 1395 1684 in

214 1732 424 1756 commune
452 1718 728 1767 deprecemur,
755 1721 802 1753 ut
829 1730 900 1754 nos
928 1717 979 1753 ab
1006 1715 1121 1753 hoste
1150 1717 1321 1765 superbo
1350 1729 1394 1754 ac

214 1789 346 1826 feroce
366 1800 437 1824 sua
454 1788 711 1824 miseratione
731 1785 947 1823 defendat:
980 1787 1055 1822 scit
1075 1787 1180 1822 enim
1198 1787 1283 1834 ipse
1302 1787 1397 1835 quia

214 1860 321 1894 iusta
352 1869 423 1905 pro
458 1854 587 1892 salute
621 1857 754 1905 gentis
782 1859 943 1891 nostrae
969 1853 1076 1891 bella
1109 1853 1395 1903 suscepimus.''

216 1925 416 1963 Fecerunt
433 1936 570 1961 omnes
587 1928 634 1960 ut
649 1925 833 1967 iusserat,
851 1927 893 1960 et
920 1924 974 1959 sic
991 1924 1207 1971 incipiente
1224 1921 1395 1961 diluculo

265 2066 286 2102 8
472 2019 483 2039 ²
509 2018 593 2052 Now
609 2017 749 2060 Rowley
765 2017 883 2049 water
898 2026 979 2049 near
995 2015 1166 2051 Hermam,

216 2077 259 2113 3²
