1473 2322
423 156 535 195 THE
573 155 904 194 VENERABLE
941 155 1089 194 BEDE

165 261 337 299 eandem
365 259 486 297 filiam
515 273 628 297 suam
657 259 814 297 Christo
843 260 1153 297 consecrandam
1183 259 1349 299 Paulino

165 332 350 381 episcopo
377 330 625 380 adsignavit3
666 342 769 379 quae
796 330 1002 379 baptizata
1029 333 1092 367 est
1117 330 1181 367 die
1209 334 1348 368 sancto

164 403 434 450 pentecostes,
450 401 578 449 prima
594 399 644 436 de
661 403 784 449 gente
802 397 1240 449 Nordanhymbrorum,
1257 413 1348 437 cum

165 469 350 506 undecim
374 467 458 505 aliis
481 468 532 506 de
555 467 706 505 familia
729 470 826 505 eius.

214 537 304 585 Quo
319 542 504 588 tempore
520 541 681 575 curatus
699 551 723 574 a
739 536 903 575 vulnere
920 538 994 575 sibi
1011 538 1166 588 pridem
1183 537 1347 583 inflicto,

164 622 233 646 rex
251 607 417 646 collecto
436 609 616 645 exercitu
633 609 744 645 venit
762 607 950 645 adversus
968 612 1135 658 gentem
1154 607 1349 646 Occiden-

162 677 304 714 talium
336 676 553 721 Saxonum,
584 689 630 714 ac
660 675 766 715 bello
797 678 911 721 inito,
943 678 1145 715 universos
1177 690 1275 728 quos
1306 679 1348 715 in

164 761 304 786 necem
333 760 446 784 suam
475 748 720 797 conspirasse
750 746 959 790 didicerat,
989 750 1060 783 aut
1088 747 1247 791 occidit,
1277 752 1349 785 aut

163 819 202 853 in
242 817 488 854 deditionem
526 817 692 866 recepit.
747 814 891 865 Sicque
931 817 1056 853 victor
1093 817 1134 852 in
1173 818 1346 866 patriam

164 899 356 931 reversus,
383 899 463 923 non
489 887 628 923 statim
656 889 698 922 et
724 884 947 922 inconsulte
974 890 1227 923 sacramenta
1254 885 1348 924 fidei

164 956 413 994 Christianae
452 956 660 1005 percipere
702 954 848 992 voluit:
903 956 1082 1004 quamvis
1122 968 1196 992 nec
1236 955 1348 993 idolis

165 1025 269 1063 ultra
301 1026 477 1069 servivit,
513 1037 564 1062 ex
599 1037 678 1075 quo
713 1037 756 1062 se
793 1023 950 1061 Christo
985 1026 1224 1061 serviturum
1260 1038 1347 1063 esse

165 1097 411 1146 promiserat.
465 1094 614 1132 Verum
645 1095 773 1144 primo
804 1092 1035 1144 diligentius
1067 1107 1117 1131 ex
1148 1099 1347 1145 tempore,

165 1170 207 1203 et
241 1166 292 1202 ab
326 1167 412 1215 ipso
448 1163 665 1202 venerabili
701 1165 783 1200 viro
820 1162 985 1200 Paulino
1019 1165 1219 1202 rationem
1253 1164 1347 1202 fidei

165 1235 354 1279 ediscere,
386 1238 429 1272 et
457 1247 549 1271 cum
578 1235 658 1271 suis
689 1234 925 1283 primatibus
956 1246 1054 1283 quos
1085 1236 1347 1284 sapientiores

164 1308 343 1348 noverat,
385 1305 538 1341 curavit
578 1301 774 1347 conferre,
815 1302 911 1353 quid
952 1303 1003 1341 de
1042 1302 1102 1340 his
1145 1303 1347 1354 agendum

164 1376 464 1413 arbitrarentur.
518 1372 599 1411 Sed
635 1377 678 1411 et
714 1375 798 1423 ipse
835 1386 926 1410 cum
964 1377 1070 1410 esset
1107 1375 1164 1409 vir
1201 1378 1347 1411 natura

163 1446 452 1496 sagacissimus,
482 1456 603 1493 saepe
632 1442 700 1480 diu
730 1441 834 1480 solus
863 1442 1055 1486 residens,
1085 1455 1152 1481 ore
1182 1443 1345 1493 quidem

161 1516 300 1559 tacito,
319 1514 391 1552 sed
409 1515 449 1550 in
469 1514 619 1550 intimis
639 1513 766 1550 cordis
786 1511 914 1549 multa
933 1525 1069 1550 secum
1088 1511 1346 1564 conloquens,

163 1585 259 1635 quid
295 1584 369 1621 sibi
408 1587 515 1621 esset
551 1582 793 1626 faciendum,
832 1595 936 1631 quae
972 1581 1112 1633 religio
1149 1583 1345 1620 servanda

161 1654 376 1690 tractabat.

166 2084 233 2122 25²
