1473 2322
207 132 519 171 CUTHBERTI
560 131 826 168 EPISTULA
866 132 944 168 AD
983 132 1286 170 CUTHINUM

157 237 231 272 bus
254 235 345 272 Deo
365 237 516 284 gratias
537 247 658 283 agere
679 247 759 270 non
779 240 842 271 est
861 233 1022 271 oblitus.
1079 234 1114 271 O
1136 248 1228 272 vere
1248 235 1342 272 bea-

157 294 222 326 tus
259 288 338 324 vir!
393 287 578 324 Canebat
615 292 754 324 autem
791 289 1038 324 sententiam
1075 287 1191 325 Beati
1229 287 1342 324 Pauli

157 340 364 391 Apostoli:
408 340 415 353 ‘
436 340 693 377 Horrendum
725 345 787 377 est
816 340 991 377 incidere
1022 343 1062 376 in
1091 354 1233 377 manus
1262 340 1343 378 Dei

158 393 356 438 viventis,’
397 399 440 431 et
478 393 608 429 multa
648 393 726 429 alia
765 393 816 430 de
857 392 1005 430 Sancta
1044 392 1263 443 Scriptura,
1302 396 1342 430 in

158 449 302 498 quibus
323 460 394 484 nos
415 460 438 483 a
457 459 596 483 somno
613 448 770 482 animae
792 459 1009 496 exsurgere
1029 447 1344 496 praecogitando

158 501 342 538 ultimam
379 499 517 536 horam
556 499 816 543 admonebat,
854 505 897 536 et
933 502 973 536 in
1009 505 1147 536 nostra
1183 513 1344 550 quoque

158 555 309 604 lingua,
335 559 381 590 ut
408 559 495 591 erat
521 553 663 589 doctus
689 555 729 588 in
756 555 901 589 nostris
927 553 1183 598 carminibus,
1207 553 1344 591 dicens

158 608 209 645 de
229 606 397 644 terribili
419 609 531 643 exitu
552 608 775 642 animarum
796 619 817 643 e
837 619 1001 655 corpore
1017 619 1076 642 :—

490 692 497 704 ‘
519 691 619 729 Fore
638 691 709 729 the
728 692 822 729 neid
840 691 976 729 sacrae

518 744 677 794 Naenig
694 744 894 782 uuiurthit

516 798 653 835 Thone
672 804 877 835 snotturra

516 851 631 888 Than
649 850 732 888 him
750 850 864 888 tharf
876 854 933 888 sie

516 905 574 942 To
593 906 690 955 ymb
709 904 945 954 hycgannae

518 959 601 995 Aer
618 957 678 994 his
696 956 928 1007 hin-iongae

519 1011 658 1048 Huaet
675 1010 736 1047 his
754 1017 896 1060 gastae

519 1064 680 1101 Godaes
699 1063 869 1101 aeththa
887 1063 1012 1114 yflaes

520 1118 665 1155 Aefter
683 1116 957 1167 deoth-daege

520 1170 696 1208 Doemid
714 1169 980 1208 uuieorthae.'

213 1257 235 1269 ‘⁴
255 1256 374 1303 Quod
415 1259 473 1293 ita
516 1256 662 1294 Latine
704 1261 842 1299 sonat3
899 1255 1035 1293 ‘Ante
1077 1258 1345 1294 necessarium

162 1313 317 1348 exitum
343 1310 580 1359 prudentior
606 1322 727 1358 quam
754 1323 853 1358 opus
879 1309 1003 1346 fuerit
1029 1322 1148 1347 nemo
1175 1312 1348 1354 exsistit,

162 1364 214 1401 ad
233 1364 493 1413 cogitandum
515 1362 704 1399 videlicet
724 1368 943 1412 antequam
964 1361 1056 1399 hinc
1075 1362 1349 1412 proficiscatur

163 1419 310 1461 anima,
350 1416 447 1466 quid
486 1417 579 1453 boni
620 1415 683 1453 vel
722 1415 817 1452 mali
859 1418 1002 1465 egerit,
1042 1415 1217 1466 qualiter
1255 1421 1347 1466 post

163 1473 317 1508 exitum
336 1469 549 1507 iudicanda
567 1468 719 1506 fuerit.’

214 1523 236 1536 ‘⁸
257 1523 462 1560 Cantabat
502 1525 625 1560 etiam
667 1521 907 1572 antiphonas
947 1523 998 1558 ob
1038 1527 1216 1559 nostram
1257 1536 1346 1559 con·

163 1576 402 1614 solationem
420 1581 463 1613 et
480 1589 608 1620 suam,
622 1589 791 1626 quarum
810 1589 889 1612 una
908 1581 992 1612 est:
1011 1574 1018 1587 ‘
1039 1575 1074 1613 O
1093 1589 1164 1612 rex
1181 1575 1347 1625 gloriae,

164 1630 338 1667 Domine
384 1631 594 1673 virtutum,
639 1632 706 1679 qui
751 1628 1022 1677 triumphator
1065 1627 1184 1666 hodie
1229 1642 1348 1678 super

163 1696 302 1721 omnes
321 1682 450 1720 caelos
470 1682 762 1727 ascendisti,ne
775 1681 1030 1731 derelinquas
1049 1695 1120 1718 nos
1136 1681 1347 1731 orphanos,

164 1737 235 1774 sed
250 1739 370 1773 mitte
387 1738 625 1785 promissum
643 1735 773 1772 Patris
789 1738 830 1772 in
846 1749 918 1772 nos
934 1735 1127 1784 Spiritum
1144 1737 1324 1772 veritatis
1338 1747 1347 1778 3

164 1788 387 1827 Alleluiah!
408 1788 415 1801 ’
483 1789 538 1825 Et
581 1802 671 1825 eum
715 1791 891 1826 venisset
933 1789 985 1825 ad
1026 1788 1125 1825 illud
1166 1789 1347 1832 verbum,

165 1843 174 1856 ‘
192 1843 253 1880 Ne
275 1842 529 1892 derelinquas
551 1856 621 1879 nos
643 1841 869 1891 orphanos,'
890 1844 1072 1891 prorupit
1091 1843 1131 1877 in
1150 1840 1348 1886 lacrimas,

165 1902 207 1934 et
234 1896 408 1933 multum
437 1895 573 1933 flebat.
628 1895 683 1932 Et
711 1900 803 1945 post
832 1894 971 1931 horam
999 1897 1132 1944 coepit
1161 1900 1346 1944 repetere

604 2007 617 2028 ¹
642 2007 746 2039 Hebr.
763 2018 798 2040 x.
814 2009 867 2040 31.

168 2068 286 2106 xxviii
