1473 2322
476 175 588 212 THE
623 174 955 212 VENERABLE
990 175 1138 213 BEDE

215 283 395 325 tempore
433 276 680 321 demoratus,
716 278 1006 327 conjunxitque
1041 290 1085 314 se
1121 280 1224 328 regi,
1263 282 1408 327 sponte

213 332 480 367 ministerium
494 330 756 380 praedicandi
765 331 1002 368 adsumens:
1017 333 1129 367 cuius
1137 332 1407 369 eruditionem

216 390 339 433 atque
365 384 606 421 industriam
634 384 773 422 videns
802 397 888 428 rex,
916 386 1074 434 rogavit
1103 398 1210 428 eum,
1240 390 1410 435 accepta

214 439 269 474 ibi
288 436 385 475 sede
407 437 637 487 episcopali,
660 451 756 474 suae
781 441 915 487 gentis
929 439 943 461 1
968 451 1133 476 manere
1154 438 1408 488 pontificem;

215 493 283 540 qui
312 492 496 540 precibus
519 494 604 529 eius
626 491 822 536 adnuens,
843 491 980 528 multis
1003 494 1117 529 annis
1140 492 1273 529 eidem
1295 495 1409 542 genti

215 544 454 582 sacerdotali
475 547 560 582 iure
576 544 767 595 praefuit.
820 545 1003 582 Tandem
1018 559 1104 590 rex,
1121 548 1190 595 qui
1205 544 1410 582 Saxonum

215 604 377 635 tantum
388 598 569 648 linguam
581 604 763 643 noverat,
777 604 987 648 pertaesus
1000 600 1196 636 barbarae
1208 598 1410 649 loquelae,

216 653 517 689 subintroduxit
536 655 577 689 in
596 655 840 702 provinciam
861 651 982 689 alium
1006 666 1103 689 suae
1123 652 1285 702 linguae
1308 655 1410 703 epis-

217 719 361 755 copum
382 705 575 743 vocabulo
596 706 701 751 Vini‚
722 712 765 744 et
785 708 917 756 ipsum
936 709 976 743 in
1001 706 1134 743 Gallia
1155 707 1409 750 ordinatum3

217 760 480 809 dividensque
513 762 555 796 in
587 760 686 797 duas
720 759 926 810 parochias
958 762 1220 809 provinciam,
1248 759 1340 798 huie
1369 763 1410 797 in

217 816 380 850 civitate
402 814 437 849 V
440 819 549 853 enta.
570 827 675 863 quae
697 826 718 849 a
739 819 863 863 gente
885 812 1091 850 Saxonum
1112 813 1412 851 Vintaneaestir

219 867 460 916 appellatur,
476 867 615 904 sedem
634 867 905 917 episcopalem
922 868 1090 904 tribuit:
1112 867 1219 904 unde
1237 867 1410 904 offensus

219 923 396 968 graviter
412 920 686 970 Agflbemtus,
704 921 812 970 quod
829 920 903 958 hoc
920 923 1007 970 ipso
1023 920 1251 958 inconsulto
1269 927 1412 971 ageret

220 988 304 1018 reat,
329 975 449 1011 rediit
473 974 660 1018 Galliam,
679 980 721 1012 et
745 980 912 1023 accepto
929 977 1163 1024 episcopatu
1188 974 1410 1012 Parisiacae

220 1031 408 1072 civitatis,
428 1028 579 1065 ibidem
600 1041 725 1066 senex
746 1042 791 1065 ac
812 1028 955 1078 plenus
976 1028 1133 1065 dierum
1153 1029 1265 1066 obiit.
1321 1028 1411 1066 Non

220 1081 358 1119 multis
384 1088 522 1119 autem
547 1084 660 1118 annis
684 1088 776 1132 post
800 1079 1030 1119 abscessum
1055 1084 1139 1119 eius
1164 1096 1187 1119 a
1210 1082 1412 1119 Brittania

221 1139 448 1178 transactis,
472 1135 608 1186 pulsus
631 1141 694 1173 est
715 1136 806 1173 Vini
829 1137 880 1173 ab
904 1136 1048 1173 eodem
1070 1149 1166 1185 rege
1189 1136 1239 1173 de
1262 1139 1412 1186 episeo-

221 1196 344 1239 patu:
384 1192 452 1239 qui
476 1190 669 1227 secedens
694 1190 746 1227 ad
770 1203 909 1239 regem
935 1189 1194 1233 Merciorum,
1218 1189 1411 1227 vocabulo

220 1242 421 1288 vulfheri,
455 1245 555 1280 emit
587 1245 719 1294 pretio
750 1244 800 1281 ab
830 1243 973 1281 eodem
1007 1244 1148 1281 sedem
1175 1243 1411 1281 Lundoniae

221 1300 407 1341 civitatis,
422 1299 587 1347 eiusque
602 1299 811 1347 episcopus
827 1311 954 1347 usque
972 1297 1023 1334 ad
1039 1300 1144 1334 vitae
1161 1310 1257 1334 suae
1273 1300 1412 1336 termi-

221 1364 316 1388 num
381 1353 541 1388 mansit.
614 1350 758 1401 Sicque
822 1353 1025 1401 provincia
1088 1351 1410 1389 Occidentalium

221 1405 424 1441 Saxonum
441 1411 625 1455 tempore
641 1418 722 1442 non
738 1418 866 1455 pauco
883 1406 1035 1453 absque
1051 1404 1237 1454 praesule
1254 1404 1344 1442 fuit.

272 1458 362 1504 Quo
393 1461 516 1496 etiarn
550 1464 734 1509 tempore
767 1472 839 1496 rex
868 1458 1077 1509 praefatus
1105 1460 1229 1509 ipsius
1263 1461 1411 1509 gentis,

223 1515 463 1559 gravissimis
491 1515 605 1562 regni
634 1515 694 1549 sui
714 1512 870 1550 damnis
890 1515 1122 1562 saepissime
1152 1513 1203 1550 ab
1229 1511 1411 1550 hostibus

223 1566 421 1611 adflictus3
446 1567 613 1603 tandem
641 1566 693 1603 ad
718 1567 954 1604 memoriam
981 1566 1157 1611 reduxit,
1184 1567 1292 1616 quod
1318 1580 1410 1604 eum

221 1620 376 1668 pridem
401 1620 569 1670 perfidia
591 1633 717 1670 regno
739 1619 956 1670 pepulerit,
979 1620 1078 1657 fides
1102 1622 1242 1670 agnita
1263 1619 1410 1657 Christi

221 1677 261 1710 in
297 1687 468 1723 regnum
501 1676 772 1712 revocaverit:
822 1672 1107 1724 intellexitque
1143 1674 1252 1724 quod
1287 1677 1410 1711 etiam

221 1733 318 1764 tunc
364 1728 563 1765 destituta
606 1727 797 1778 pontifice
842 1730 1059 1777 provincia,
1104 1733 1215 1765 recte
1259 1730 1411 1778 pariter

689 1812 702 1832 ²
724 1812 778 1844 for
792 1812 890 1852 qemi,
907 1812 958 1843 Pl.

268 1898 280 1916 ¹
304 1898 358 1928 He
383 1908 454 1928 was
478 1901 616 1939 present
640 1901 679 1928 at
702 1898 762 1928 the
788 1897 905 1938 Synod
931 1898 966 1929 of
995 1897 1150 1939 Whitby,
1177 1898 1251 1933 664,
1278 1898 1331 1929 ch.
1355 1900 1408 1932 25.

224 1940 315 1970 Rode
332 1941 425 1980 givos
442 1951 486 1971 no
503 1940 601 1972 dates
617 1941 651 1971 in
668 1940 738 1971 this
754 1940 906 1981 chapter.

267 1982 279 2001 ²
303 1983 374 2014 The
399 1983 469 2014 sale
495 1984 529 2014 of
553 1983 612 2014 the
638 1983 798 2023 dignities
823 1983 859 2014 of
883 1983 942 2013 the
967 1982 1102 2014 Chureh
1126 1981 1195 2013 had
1220 1982 1300 2024 long
1324 1983 1409 2015 been

222 2025 401 2066 prevalent
422 2026 458 2056 in
480 2026 540 2057 the
563 2025 671 2057 Gallie
694 2025 829 2057 Church
851 2025 920 2057 and
944 2024 1084 2056 became
1106 2035 1144 2056 so
1166 2028 1328 2066 amongst
1349 2026 1408 2058 the

222 2067 491 2107 Anglo-Saxons.
538 2068 672 2109 Rm'ght,
691 2078 722 2109 p.
741 2069 816 2099 224.

221 2121 293 2168 358
