<?xml version="1.0" encoding="UTF-8"?>
<!DOCTYPE html PUBLIC "-//W3C//DTD XHTML 1.0 Transitional//EN"
    "http://www.w3.org/TR/xhtml1/DTD/xhtml1-transitional.dtd">
<html xmlns="http://www.w3.org/1999/xhtml" xml:lang="en" lang="en">
 <head>
  <title>
</title>
<meta http-equiv="Content-Type" content="text/html;charset=utf-8" />
  <meta name='ocr-system' content='tesseract 3.04.00' />
  <meta name='ocr-capabilities' content='ocr_page ocr_carea ocr_par ocr_line ocrx_word'/>
</head>
<body>
  <div class='ocr_page' id='page_1' title='image "./operahistorica01bedeuoft_0324.png"; bbox 0 0 1473 2322; ppageno 0'>
   <div class='ocr_carea' id='block_1_1' title="bbox 383 133 1035 172">
    <p class='ocr_par' dir='ltr' id='par_1_1' title="bbox 383 133 1035 172">
     <span class='ocr_line' id='line_1_1' title="bbox 383 133 1035 172; baseline 0.003 -2"><span class='ocrx_word' id='word_1_1' title='bbox 383 133 494 171; x_wconf 86' lang='lat' dir='ltr'>THE</span> <span class='ocrx_word' id='word_1_2' title='bbox 531 133 855 172; x_wconf 87' lang='lat' dir='ltr'>VENERABLE</span> <span class='ocrx_word' id='word_1_3' title='bbox 888 134 1035 172; x_wconf 92' lang='lat' dir='ltr'><strong>BEDE</strong></span> 
     </span>
    </p>
   </div>
   <div class='ocr_carea' id='block_1_2' title="bbox 121 234 1309 1950">
    <p class='ocr_par' dir='ltr' id='par_1_2' title="bbox 123 234 1307 416">
     <span class='ocr_line' id='line_1_2' title="bbox 124 234 1307 288; baseline 0.002 -16"><span class='ocrx_word' id='word_1_4' title='bbox 124 236 230 274; x_wconf 86' lang='lat' dir='ltr'>tibus</span> <span class='ocrx_word' id='word_1_5' title='bbox 260 234 434 281; x_wconf 78' lang='lat' dir='ltr'>consilio,</span> <span class='ocrx_word' id='word_1_6' title='bbox 464 237 741 275; x_wconf 79' lang='lat' dir='ltr'>sciscitabatur</span> <span class='ocrx_word' id='word_1_7' title='bbox 769 235 1001 288; x_wconf 80' lang='lat' dir='ltr'>singillatim</span> <span class='ocrx_word' id='word_1_8' title='bbox 1030 237 1081 275; x_wconf 89' lang='lat' dir='ltr'>ab</span> <span class='ocrx_word' id='word_1_9' title='bbox 1110 237 1307 281; x_wconf 90' lang='lat' dir='ltr'>omnibus,</span> 
     </span>
     <span class='ocr_line' id='line_1_3' title="bbox 124 299 1307 350; baseline 0 -12"><span class='ocrx_word' id='word_1_10' title='bbox 124 299 250 350; x_wconf 89' lang='lat' dir='ltr'>qualis</span> <span class='ocrx_word' id='word_1_11' title='bbox 274 302 348 338; x_wconf 89' lang='lat' dir='ltr'>sibi</span> <span class='ocrx_word' id='word_1_12' title='bbox 373 301 554 338; x_wconf 73' lang='lat' dir='ltr'>doctrina</span> <span class='ocrx_word' id='word_1_13' title='bbox 578 302 678 340; x_wconf 85' lang='lat' dir='ltr'>haee</span> <span class='ocrx_word' id='word_1_14' title='bbox 703 306 871 340; x_wconf 86' lang='lat' dir='ltr'>eatenus</span> <span class='ocrx_word' id='word_1_15' title='bbox 894 301 1090 346; x_wconf 87' lang='lat' dir='ltr'>inaudita,</span> <span class='ocrx_word' id='word_1_16' title='bbox 1116 306 1159 340; x_wconf 89' lang='lat' dir='ltr'>et</span> <span class='ocrx_word' id='word_1_17' title='bbox 1182 313 1307 339; x_wconf 90' lang='lat' dir='ltr'>novus</span> 
     </span>
     <span class='ocr_line' id='line_1_4' title="bbox 123 364 1177 416; baseline 0.002 -15"><span class='ocrx_word' id='word_1_18' title='bbox 123 364 342 403; x_wconf 82' lang='lat' dir='ltr'>divinitatis</span> <span class='ocrx_word' id='word_1_19' title='bbox 371 367 439 416; x_wconf 90' lang='lat' dir='ltr'>qui</span> <span class='ocrx_word' id='word_1_20' title='bbox 467 366 775 415; x_wconf 75' lang='lat' dir='ltr'>praedicabatur</span> <span class='ocrx_word' id='word_1_21' title='bbox 803 365 934 403; x_wconf 88' lang='lat' dir='ltr'>cultus</span> <span class='ocrx_word' id='word_1_22' title='bbox 962 365 1177 404; x_wconf 87' lang='lat' dir='ltr'>videretur.</span> 
     </span>
    </p>

    <p class='ocr_par' dir='ltr' id='par_1_3' title="bbox 122 428 1309 1376">
     <span class='ocr_line' id='line_1_5' title="bbox 174 428 1308 480; baseline 0 -14"><span class='ocrx_word' id='word_1_23' title='bbox 174 428 247 466; x_wconf 92' lang='lat' dir='ltr'>Cui</span> <span class='ocrx_word' id='word_1_24' title='bbox 263 431 414 479; x_wconf 87' lang='lat' dir='ltr'>primus</span> <span class='ocrx_word' id='word_1_25' title='bbox 431 430 666 479; x_wconf 86' lang='lat' dir='ltr'>pontificum</span> <span class='ocrx_word' id='word_1_26' title='bbox 682 431 804 479; x_wconf 89' lang='lat' dir='ltr'>ipsius</span> <span class='ocrx_word' id='word_1_27' title='bbox 823 429 922 466; x_wconf 81' lang='lat' dir='ltr'>Coifi</span> <span class='ocrx_word' id='word_1_28' title='bbox 939 431 1129 467; x_wconf 87' lang='lat' dir='ltr'>continuo</span> <span class='ocrx_word' id='word_1_29' title='bbox 1146 443 1308 480; x_wconf 89' lang='lat' dir='ltr'>respon-</span> 
     </span>
     <span class='ocr_line' id='line_1_6' title="bbox 123 492 1309 544; baseline 0 -14"><span class='ocrx_word' id='word_1_30' title='bbox 123 492 205 530; x_wconf 87' lang='lat' dir='ltr'>dit:</span> <span class='ocrx_word' id='word_1_31' title='bbox 243 492 346 531; x_wconf 91' lang='lat' dir='ltr'>“Tu</span> <span class='ocrx_word' id='word_1_32' title='bbox 369 494 474 538; x_wconf 87' lang='lat' dir='ltr'>vide,</span> <span class='ocrx_word' id='word_1_33' title='bbox 497 507 583 538; x_wconf 85' lang='lat' dir='ltr'>rex,</span> <span class='ocrx_word' id='word_1_34' title='bbox 607 493 725 544; x_wconf 89' lang='lat' dir='ltr'>quale</span> <span class='ocrx_word' id='word_1_35' title='bbox 749 496 802 530; x_wconf 89' lang='lat' dir='ltr'>sit</span> <span class='ocrx_word' id='word_1_36' title='bbox 823 493 900 531; x_wconf 85' lang='lat' dir='ltr'>hoe</span> <span class='ocrx_word' id='word_1_37' title='bbox 923 494 1031 544; x_wconf 89' lang='lat' dir='ltr'>quod</span> <span class='ocrx_word' id='word_1_38' title='bbox 1053 494 1166 531; x_wconf 89' lang='lat' dir='ltr'>nobis</span> <span class='ocrx_word' id='word_1_39' title='bbox 1189 493 1309 531; x_wconf 90' lang='lat' dir='ltr'>modo</span> 
     </span>
     <span class='ocr_line' id='line_1_7' title="bbox 122 557 1308 608; baseline 0 -14"><span class='ocrx_word' id='word_1_40' title='bbox 122 557 398 607; x_wconf 82' lang='lat' dir='ltr'>praedicatur:</span> <span class='ocrx_word' id='word_1_41' title='bbox 437 572 513 608; x_wconf 86' lang='lat' dir='ltr'>ego</span> <span class='ocrx_word' id='word_1_42' title='bbox 537 562 675 595; x_wconf 86' lang='lat' dir='ltr'>autem</span> <span class='ocrx_word' id='word_1_43' title='bbox 697 558 772 595; x_wconf 91' lang='lat' dir='ltr'>tibi</span> <span class='ocrx_word' id='word_1_44' title='bbox 795 560 998 596; x_wconf 83' lang='lat' dir='ltr'>verissime</span> <span class='ocrx_word' id='word_1_45' title='bbox 1022 558 1130 607; x_wconf 93' lang='lat' dir='ltr'>quod</span> <span class='ocrx_word' id='word_1_46' title='bbox 1152 562 1308 595; x_wconf 89' lang='lat' dir='ltr'>certum</span> 
     </span>
     <span class='ocr_line' id='line_1_8' title="bbox 123 621 1308 672; baseline -0.001 -14"><span class='ocrx_word' id='word_1_47' title='bbox 123 621 256 667; x_wconf 68' lang='lat' dir='ltr'>didici,</span> <span class='ocrx_word' id='word_1_48' title='bbox 288 621 493 672; x_wconf 87' lang='lat' dir='ltr'>profiteor,</span> <span class='ocrx_word' id='word_1_49' title='bbox 527 625 620 672; x_wconf 87' lang='lat' dir='ltr'>quia</span> <span class='ocrx_word' id='word_1_50' title='bbox 652 621 751 659; x_wconf 91' lang='lat' dir='ltr'>nihil</span> <span class='ocrx_word' id='word_1_51' title='bbox 784 624 944 659; x_wconf 91' lang='lat' dir='ltr'>omnino</span> <span class='ocrx_word' id='word_1_52' title='bbox 978 623 1136 659; x_wconf 86' lang='lat' dir='ltr'>virtutis</span> <span class='ocrx_word' id='word_1_53' title='bbox 1168 621 1308 666; x_wconf 87' lang='lat' dir='ltr'>habet,</span> 
     </span>
     <span class='ocr_line' id='line_1_9' title="bbox 123 685 1308 738; baseline 0.001 -16"><span class='ocrx_word' id='word_1_54' title='bbox 123 685 220 722; x_wconf 88' lang='lat' dir='ltr'>nihil</span> <span class='ocrx_word' id='word_1_55' title='bbox 243 687 430 724; x_wconf 84' lang='lat' dir='ltr'>utilitatis</span> <span class='ocrx_word' id='word_1_56' title='bbox 453 685 593 738; x_wconf 85' lang='lat' dir='ltr'>religio</span> <span class='ocrx_word' id='word_1_57' title='bbox 616 686 685 724; x_wconf 86' lang='lat' dir='ltr'>illa</span> <span class='ocrx_word' id='word_1_58' title='bbox 709 700 830 737; x_wconf 85' lang='lat' dir='ltr'>quam</span> <span class='ocrx_word' id='word_1_59' title='bbox 852 686 1059 737; x_wconf 89' lang='lat' dir='ltr'>hucusque</span> <span class='ocrx_word' id='word_1_60' title='bbox 1083 688 1308 724; x_wconf 88' lang='lat' dir='ltr'>tenuimus:</span> 
     </span>
     <span class='ocr_line' id='line_1_10' title="bbox 123 749 1307 801; baseline 0.002 -15"><span class='ocrx_word' id='word_1_61' title='bbox 123 749 253 788; x_wconf 93' lang='lat' dir='ltr'>nullus</span> <span class='ocrx_word' id='word_1_62' title='bbox 285 753 393 789; x_wconf 86' lang='lat' dir='ltr'>enim</span> <span class='ocrx_word' id='word_1_63' title='bbox 424 755 585 788; x_wconf 92' lang='lat' dir='ltr'>tuorum</span> <span class='ocrx_word' id='word_1_64' title='bbox 617 751 832 788; x_wconf 82' lang='lat' dir='ltr'>studiosius</span> <span class='ocrx_word' id='word_1_65' title='bbox 865 764 986 801; x_wconf 90' lang='lat' dir='ltr'>quam</span> <span class='ocrx_word' id='word_1_66' title='bbox 1019 763 1094 801; x_wconf 82' lang='lat' dir='ltr'>ego</span> <span class='ocrx_word' id='word_1_67' title='bbox 1126 749 1307 788; x_wconf 87' lang='lat' dir='ltr'>culturae</span> 
     </span>
     <span class='ocr_line' id='line_1_11' title="bbox 123 813 1309 859; baseline -0.002 -7"><span class='ocrx_word' id='word_1_68' title='bbox 123 815 289 852; x_wconf 87' lang='lat' dir='ltr'>deorum</span> <span class='ocrx_word' id='word_1_69' title='bbox 309 819 536 853; x_wconf 88' lang='lat' dir='ltr'>nostrorum</span> <span class='ocrx_word' id='word_1_70' title='bbox 555 828 598 853; x_wconf 91' lang='lat' dir='ltr'>se</span> <span class='ocrx_word' id='word_1_71' title='bbox 619 815 820 859; x_wconf 84' lang='lat' dir='ltr'>subdidit3</span> <span class='ocrx_word' id='word_1_72' title='bbox 855 819 898 853; x_wconf 89' lang='lat' dir='ltr'>et</span> <span class='ocrx_word' id='word_1_73' title='bbox 917 814 1171 852; x_wconf 86' lang='lat' dir='ltr'>nihilominus</span> <span class='ocrx_word' id='word_1_74' title='bbox 1191 813 1309 851; x_wconf 91' lang='lat' dir='ltr'>multi</span> 
     </span>
     <span class='ocr_line' id='line_1_12' title="bbox 123 878 1308 929; baseline 0 -14"><span class='ocrx_word' id='word_1_75' title='bbox 123 883 217 916; x_wconf 89' lang='lat' dir='ltr'>sunt</span> <span class='ocrx_word' id='word_1_76' title='bbox 233 881 301 929; x_wconf 90' lang='lat' dir='ltr'>qui</span> <span class='ocrx_word' id='word_1_77' title='bbox 318 879 509 929; x_wconf 89' lang='lat' dir='ltr'>ampliora</span> <span class='ocrx_word' id='word_1_78' title='bbox 526 892 550 916; x_wconf 84' lang='lat' dir='ltr'>a</span> <span class='ocrx_word' id='word_1_79' title='bbox 565 883 608 917; x_wconf 91' lang='lat' dir='ltr'>te</span> <span class='ocrx_word' id='word_1_80' title='bbox 623 878 819 917; x_wconf 87' lang='lat' dir='ltr'>beneficia</span> <span class='ocrx_word' id='word_1_81' title='bbox 836 892 957 929; x_wconf 90' lang='lat' dir='ltr'>quam</span> <span class='ocrx_word' id='word_1_82' title='bbox 974 892 1064 929; x_wconf 86' lang='lat' dir='ltr'>ego,</span> <span class='ocrx_word' id='word_1_83' title='bbox 1081 883 1123 916; x_wconf 91' lang='lat' dir='ltr'>et</span> <span class='ocrx_word' id='word_1_84' title='bbox 1138 880 1308 916; x_wconf 87' lang='lat' dir='ltr'>maiores</span> 
     </span>
     <span class='ocr_line' id='line_1_13' title="bbox 124 944 1307 994; baseline -0.002 -13"><span class='ocrx_word' id='word_1_85' title='bbox 124 945 323 994; x_wconf 84' lang='lat' dir='ltr'>accipiunt</span> <span class='ocrx_word' id='word_1_86' title='bbox 377 944 611 994; x_wconf 81' lang='lat' dir='ltr'>dignitates,</span> <span class='ocrx_word' id='word_1_87' title='bbox 665 945 874 994; x_wconf 82' lang='lat' dir='ltr'>magisque</span> <span class='ocrx_word' id='word_1_88' title='bbox 927 947 1214 993; x_wconf 82' lang='lat' dir='ltr'>prosperantur</span> <span class='ocrx_word' id='word_1_89' title='bbox 1267 945 1307 979; x_wconf 90' lang='lat' dir='ltr'>in</span> 
     </span>
     <span class='ocr_line' id='line_1_14' title="bbox 123 1006 1308 1059; baseline -0.002 -14"><span class='ocrx_word' id='word_1_90' title='bbox 123 1008 305 1045; x_wconf 88' lang='lat' dir='ltr'>omnibus</span> <span class='ocrx_word' id='word_1_91' title='bbox 327 1021 430 1058; x_wconf 86' lang='lat' dir='ltr'>quae</span> <span class='ocrx_word' id='word_1_92' title='bbox 453 1008 610 1059; x_wconf 85' lang='lat' dir='ltr'>agenda</span> <span class='ocrx_word' id='word_1_93' title='bbox 630 1007 693 1046; x_wconf 89' lang='lat' dir='ltr'>vel</span> <span class='ocrx_word' id='word_1_94' title='bbox 714 1007 963 1058; x_wconf 89' lang='lat' dir='ltr'>adquirenda</span> <span class='ocrx_word' id='word_1_95' title='bbox 983 1007 1212 1057; x_wconf 88' lang='lat' dir='ltr'>disponunt.</span> <span class='ocrx_word' id='word_1_96' title='bbox 1268 1006 1308 1044; x_wconf 92' lang='lat' dir='ltr'>Si</span> 
     </span>
     <span class='ocr_line' id='line_1_15' title="bbox 124 1071 1308 1122; baseline 0 -15"><span class='ocrx_word' id='word_1_97' title='bbox 124 1075 261 1108; x_wconf 85' lang='lat' dir='ltr'>autem</span> <span class='ocrx_word' id='word_1_98' title='bbox 283 1071 337 1108; x_wconf 85' lang='lat' dir='ltr'>dii</span> <span class='ocrx_word' id='word_1_99' title='bbox 359 1071 509 1122; x_wconf 85' lang='lat' dir='ltr'>aliquid</span> <span class='ocrx_word' id='word_1_100' title='bbox 530 1071 725 1116; x_wconf 87' lang='lat' dir='ltr'>valerent,</span> <span class='ocrx_word' id='word_1_101' title='bbox 745 1085 811 1110; x_wconf 89' lang='lat' dir='ltr'>me</span> <span class='ocrx_word' id='word_1_102' title='bbox 832 1074 965 1122; x_wconf 86' lang='lat' dir='ltr'>potius</span> <span class='ocrx_word' id='word_1_103' title='bbox 986 1073 1122 1109; x_wconf 85' lang='lat' dir='ltr'>iuvare</span> <span class='ocrx_word' id='word_1_104' title='bbox 1143 1071 1308 1116; x_wconf 87' lang='lat' dir='ltr'>vellent,</span> 
     </span>
     <span class='ocr_line' id='line_1_16' title="bbox 123 1135 1309 1186; baseline 0 -15"><span class='ocrx_word' id='word_1_105' title='bbox 123 1137 190 1185; x_wconf 88' lang='lat' dir='ltr'>qui</span> <span class='ocrx_word' id='word_1_106' title='bbox 209 1135 284 1172; x_wconf 92' lang='lat' dir='ltr'>illis</span> <span class='ocrx_word' id='word_1_107' title='bbox 304 1138 521 1186; x_wconf 88' lang='lat' dir='ltr'>impensius</span> <span class='ocrx_word' id='word_1_108' title='bbox 541 1138 688 1174; x_wconf 90' lang='lat' dir='ltr'>servire</span> <span class='ocrx_word' id='word_1_109' title='bbox 709 1137 855 1173; x_wconf 85' lang='lat' dir='ltr'>curavi.</span> <span class='ocrx_word' id='word_1_110' title='bbox 910 1135 1030 1173; x_wconf 91' lang='lat' dir='ltr'>Unde</span> <span class='ocrx_word' id='word_1_111' title='bbox 1049 1139 1191 1180; x_wconf 89' lang='lat' dir='ltr'>restat,</span> <span class='ocrx_word' id='word_1_112' title='bbox 1210 1137 1242 1173; x_wconf 89' lang='lat' dir='ltr'>si</span> <span class='ocrx_word' id='word_1_113' title='bbox 1263 1140 1309 1173; x_wconf 87' lang='lat' dir='ltr'>ut</span> 
     </span>
     <span class='ocr_line' id='line_1_17' title="bbox 124 1199 1308 1250; baseline 0.001 -14"><span class='ocrx_word' id='word_1_114' title='bbox 124 1213 171 1237; x_wconf 84' lang='lat' dir='ltr'>ea</span> <span class='ocrx_word' id='word_1_115' title='bbox 194 1213 298 1250; x_wconf 86' lang='lat' dir='ltr'>quae</span> <span class='ocrx_word' id='word_1_116' title='bbox 322 1214 427 1237; x_wconf 90' lang='lat' dir='ltr'>nunc</span> <span class='ocrx_word' id='word_1_117' title='bbox 450 1201 563 1238; x_wconf 90' lang='lat' dir='ltr'>nobis</span> <span class='ocrx_word' id='word_1_118' title='bbox 587 1213 690 1238; x_wconf 84' lang='lat' dir='ltr'>nova.</span> <span class='ocrx_word' id='word_1_119' title='bbox 712 1200 1008 1250; x_wconf 85' lang='lat' dir='ltr'>praedicantur,</span> <span class='ocrx_word' id='word_1_120' title='bbox 1032 1199 1198 1237; x_wconf 86' lang='lat' dir='ltr'>meliora</span> <span class='ocrx_word' id='word_1_121' title='bbox 1221 1212 1308 1237; x_wconf 88' lang='lat' dir='ltr'>esse</span> 
     </span>
     <span class='ocr_line' id='line_1_18' title="bbox 124 1261 1308 1312; baseline -0.002 -13"><span class='ocrx_word' id='word_1_122' title='bbox 124 1266 166 1299; x_wconf 86' lang='lat' dir='ltr'>et</span> <span class='ocrx_word' id='word_1_123' title='bbox 186 1261 365 1306; x_wconf 87' lang='lat' dir='ltr'>fortiora,</span> <span class='ocrx_word' id='word_1_124' title='bbox 386 1261 527 1299; x_wconf 86' lang='lat' dir='ltr'>habita</span> <span class='ocrx_word' id='word_1_125' title='bbox 549 1264 846 1300; x_wconf 86' lang='lat' dir='ltr'>examinatione</span> <span class='ocrx_word' id='word_1_126' title='bbox 868 1263 1134 1312; x_wconf 82' lang='lat' dir='ltr'>perspexeris,</span> <span class='ocrx_word' id='word_1_127' title='bbox 1157 1262 1308 1311; x_wconf 81' lang='lat' dir='ltr'>absque</span> 
     </span>
     <span class='ocr_line' id='line_1_19' title="bbox 123 1323 1126 1376; baseline 0 -14"><span class='ocrx_word' id='word_1_128' title='bbox 123 1325 202 1364; x_wconf 86' lang='lat' dir='ltr'>ullo</span> <span class='ocrx_word' id='word_1_129' title='bbox 233 1328 487 1364; x_wconf 85' lang='lat' dir='ltr'>cunctamine</span> <span class='ocrx_word' id='word_1_130' title='bbox 518 1328 719 1376; x_wconf 88' lang='lat' dir='ltr'>suscipere</span> <span class='ocrx_word' id='word_1_131' title='bbox 748 1325 818 1362; x_wconf 86' lang='lat' dir='ltr'>illa</span> <span class='ocrx_word' id='word_1_132' title='bbox 848 1323 1126 1363; x_wconf 85' lang='lat' dir='ltr'>festinemus.&#39;&#39;</span> 
     </span>
    </p>

    <p class='ocr_par' dir='ltr' id='par_1_4' title="bbox 121 1385 1308 1950">
     <span class='ocr_line' id='line_1_20' title="bbox 173 1385 1306 1438; baseline -0.003 -13"><span class='ocrx_word' id='word_1_133' title='bbox 173 1387 294 1426; x_wconf 87' lang='lat' dir='ltr'>Cuius</span> <span class='ocrx_word' id='word_1_134' title='bbox 326 1389 498 1425; x_wconf 88' lang='lat' dir='ltr'>suasioni</span> <span class='ocrx_word' id='word_1_135' title='bbox 531 1388 743 1438; x_wconf 89' lang='lat' dir='ltr'>verbisque</span> <span class='ocrx_word' id='word_1_136' title='bbox 774 1387 1040 1437; x_wconf 88' lang='lat' dir='ltr'>prudentibus</span> <span class='ocrx_word' id='word_1_137' title='bbox 1074 1385 1173 1423; x_wconf 90' lang='lat' dir='ltr'>alius</span> <span class='ocrx_word' id='word_1_138' title='bbox 1207 1389 1306 1436; x_wconf 86' lang='lat' dir='ltr'>opti-</span> 
     </span>
     <span class='ocr_line' id='line_1_21' title="bbox 122 1449 1308 1502; baseline -0.001 -13"><span class='ocrx_word' id='word_1_139' title='bbox 122 1457 277 1490; x_wconf 86' lang='lat' dir='ltr'>matum</span> <span class='ocrx_word' id='word_1_140' title='bbox 303 1453 409 1502; x_wconf 89' lang='lat' dir='ltr'>regis</span> <span class='ocrx_word' id='word_1_141' title='bbox 435 1452 616 1489; x_wconf 86' lang='lat' dir='ltr'>tribuens</span> <span class='ocrx_word' id='word_1_142' title='bbox 644 1464 864 1495; x_wconf 85' lang='lat' dir='ltr'>assensum,</span> <span class='ocrx_word' id='word_1_143' title='bbox 890 1452 1080 1488; x_wconf 88' lang='lat' dir='ltr'>continuo</span> <span class='ocrx_word' id='word_1_144' title='bbox 1107 1449 1308 1488; x_wconf 84' lang='lat' dir='ltr'>subdidit:</span> 
     </span>
     <span class='ocr_line' id='line_1_22' title="bbox 124 1513 1308 1567; baseline -0.003 -13"><span class='ocrx_word' id='word_1_145' title='bbox 124 1517 144 1529; x_wconf 86' lang='lat'>“</span> <span class='ocrx_word' id='word_1_146' title='bbox 163 1515 310 1561; x_wconf 87' lang='lat' dir='ltr'>Talis,’&#39;</span> <span class='ocrx_word' id='word_1_147' title='bbox 330 1518 529 1567; x_wconf 87' lang='lat' dir='ltr'>inquiens,</span> <span class='ocrx_word' id='word_1_148' title='bbox 548 1515 570 1529; x_wconf 89' lang='lat'><strong>“</strong></span> <span class='ocrx_word' id='word_1_149' title='bbox 589 1514 687 1553; x_wconf 85' lang='lat' dir='ltr'>mihi</span> <span class='ocrx_word' id='word_1_150' title='bbox 706 1515 879 1559; x_wconf 85' lang='lat' dir='ltr'>videtur,</span> <span class='ocrx_word' id='word_1_151' title='bbox 896 1527 982 1559; x_wconf 88' lang='lat' dir='ltr'>rex,</span> <span class='ocrx_word' id='word_1_152' title='bbox 1001 1516 1085 1551; x_wconf 92' lang='lat' dir='ltr'>vita</span> <span class='ocrx_word' id='word_1_153' title='bbox 1102 1513 1308 1551; x_wconf 87' lang='lat' dir='ltr'>hominum</span> 
     </span>
     <span class='ocr_line' id='line_1_23' title="bbox 121 1578 1307 1631; baseline -0.003 -13"><span class='ocrx_word' id='word_1_154' title='bbox 121 1593 310 1631; x_wconf 89' lang='lat' dir='ltr'>praesens</span> <span class='ocrx_word' id='word_1_155' title='bbox 328 1582 369 1618; x_wconf 91' lang='lat' dir='ltr'>in</span> <span class='ocrx_word' id='word_1_156' title='bbox 387 1582 518 1624; x_wconf 89' lang='lat' dir='ltr'>terris,</span> <span class='ocrx_word' id='word_1_157' title='bbox 537 1579 588 1618; x_wconf 85' lang='lat' dir='ltr'>ad</span> <span class='ocrx_word' id='word_1_158' title='bbox 605 1581 947 1630; x_wconf 84' lang='lat' dir='ltr'>comparationem</span> <span class='ocrx_word' id='word_1_159' title='bbox 967 1581 1050 1616; x_wconf 90' lang='lat' dir='ltr'>eius</span> <span class='ocrx_word' id='word_1_160' title='bbox 1069 1578 1178 1628; x_wconf 88' lang='lat' dir='ltr'>quod</span> <span class='ocrx_word' id='word_1_161' title='bbox 1194 1578 1307 1615; x_wconf 89' lang='lat' dir='ltr'>nobis</span> 
     </span>
     <span class='ocr_line' id='line_1_24' title="bbox 122 1641 1308 1694; baseline -0.002 -13"><span class='ocrx_word' id='word_1_162' title='bbox 122 1647 319 1683; x_wconf 87' lang='lat' dir='ltr'>incertum</span> <span class='ocrx_word' id='word_1_163' title='bbox 349 1649 412 1682; x_wconf 86' lang='lat' dir='ltr'>est</span> <span class='ocrx_word' id='word_1_164' title='bbox 441 1645 648 1694; x_wconf 85' lang='lat' dir='ltr'>temporis,</span> <span class='ocrx_word' id='word_1_165' title='bbox 679 1642 797 1694; x_wconf 89' lang='lat' dir='ltr'>quale</span> <span class='ocrx_word' id='word_1_166' title='bbox 827 1656 919 1680; x_wconf 88' lang='lat' dir='ltr'>eum</span> <span class='ocrx_word' id='word_1_167' title='bbox 949 1647 991 1680; x_wconf 88' lang='lat' dir='ltr'>te</span> <span class='ocrx_word' id='word_1_168' title='bbox 1022 1642 1225 1680; x_wconf 84' lang='lat' dir='ltr'>residente</span> <span class='ocrx_word' id='word_1_169' title='bbox 1256 1641 1308 1679; x_wconf 88' lang='lat' dir='ltr'>ad</span> 
     </span>
     <span class='ocr_line' id='line_1_25' title="bbox 122 1706 1307 1756; baseline -0.003 -10"><span class='ocrx_word' id='word_1_170' title='bbox 122 1722 289 1747; x_wconf 87' lang='lat' dir='ltr'>coenam</span> <span class='ocrx_word' id='word_1_171' title='bbox 312 1721 402 1746; x_wconf 88' lang='lat' dir='ltr'>cum</span> <span class='ocrx_word' id='word_1_172' title='bbox 428 1708 594 1746; x_wconf 89' lang='lat' dir='ltr'>ducibus</span> <span class='ocrx_word' id='word_1_173' title='bbox 620 1721 665 1745; x_wconf 86' lang='lat' dir='ltr'>ac</span> <span class='ocrx_word' id='word_1_174' title='bbox 688 1709 879 1744; x_wconf 88' lang='lat' dir='ltr'>ministris</span> <span class='ocrx_word' id='word_1_175' title='bbox 904 1708 984 1744; x_wconf 89' lang='lat' dir='ltr'>tuis</span> <span class='ocrx_word' id='word_1_176' title='bbox 1008 1710 1192 1756; x_wconf 89' lang='lat' dir='ltr'>tempore</span> <span class='ocrx_word' id='word_1_177' title='bbox 1216 1706 1307 1742; x_wconf 90' lang='lat' dir='ltr'>bru-</span> 
     </span>
     <span class='ocr_line' id='line_1_26' title="bbox 121 1768 1307 1823; baseline -0.004 -12"><span class='ocrx_word' id='word_1_178' title='bbox 121 1772 230 1818; x_wconf 84' lang='lat' dir='ltr'>mali,</span> <span class='ocrx_word' id='word_1_179' title='bbox 251 1786 417 1811; x_wconf 87' lang='lat' dir='ltr'>accenso</span> <span class='ocrx_word' id='word_1_180' title='bbox 439 1772 603 1823; x_wconf 88' lang='lat' dir='ltr'>quidem</span> <span class='ocrx_word' id='word_1_181' title='bbox 623 1772 712 1809; x_wconf 87' lang='lat' dir='ltr'>foco</span> <span class='ocrx_word' id='word_1_182' title='bbox 732 1773 774 1808; x_wconf 86' lang='lat' dir='ltr'>in</span> <span class='ocrx_word' id='word_1_183' title='bbox 794 1771 927 1809; x_wconf 73' lang='lat' dir='ltr'>medio</span> <span class='ocrx_word' id='word_1_184' title='bbox 950 1774 993 1808; x_wconf 89' lang='lat' dir='ltr'>et</span> <span class='ocrx_word' id='word_1_185' title='bbox 1013 1769 1141 1807; x_wconf 87' lang='lat' dir='ltr'>calido</span> <span class='ocrx_word' id='word_1_186' title='bbox 1164 1768 1307 1807; x_wconf 88' lang='lat' dir='ltr'>effecto</span> 
     </span>
     <span class='ocr_line' id='line_1_27' title="bbox 122 1833 1307 1885; baseline -0.004 -10"><span class='ocrx_word' id='word_1_187' title='bbox 122 1836 349 1881; x_wconf 87' lang='lat' dir='ltr'>coenaculo,</span> <span class='ocrx_word' id='word_1_188' title='bbox 361 1836 587 1874; x_wconf 85' lang='lat' dir='ltr'>furentibus</span> <span class='ocrx_word' id='word_1_189' title='bbox 600 1840 738 1874; x_wconf 86' lang='lat' dir='ltr'>autem</span> <span class='ocrx_word' id='word_1_190' title='bbox 749 1834 842 1873; x_wconf 88' lang='lat' dir='ltr'>foris</span> <span class='ocrx_word' id='word_1_191' title='bbox 854 1848 926 1885; x_wconf 90' lang='lat' dir='ltr'>per</span> <span class='ocrx_word' id='word_1_192' title='bbox 937 1835 1071 1872; x_wconf 88' lang='lat' dir='ltr'>omnia</span> <span class='ocrx_word' id='word_1_193' title='bbox 1081 1833 1307 1871; x_wconf 86' lang='lat' dir='ltr'>turbinibus</span> 
     </span>
     <span class='ocr_line' id='line_1_28' title="bbox 122 1898 1306 1950; baseline -0.003 -12"><span class='ocrx_word' id='word_1_194' title='bbox 122 1900 353 1940; x_wconf 84' lang='lat' dir='ltr'>hiemalium</span> <span class='ocrx_word' id='word_1_195' title='bbox 373 1900 596 1950; x_wconf 82' lang='lat' dir='ltr'>pluviarum</span> <span class='ocrx_word' id='word_1_196' title='bbox 617 1898 681 1937; x_wconf 89' lang='lat' dir='ltr'>vel</span> <span class='ocrx_word' id='word_1_197' title='bbox 700 1901 865 1942; x_wconf 85' lang='lat' dir='ltr'>nivium,</span> <span class='ocrx_word' id='word_1_198' title='bbox 886 1898 1183 1947; x_wconf 86' lang='lat' dir='ltr'>adveniensque</span> <span class='ocrx_word' id='word_1_199' title='bbox 1205 1909 1306 1934; x_wconf 90' lang='lat' dir='ltr'>unus</span> 
     </span>
    </p>
   </div>
   <div class='ocr_carea' id='block_1_3' title="bbox 123 1991 1095 2090">
    <p class='ocr_par' dir='ltr' id='par_1_5' title="bbox 123 1991 1095 2090">
     <span class='ocr_line' id='line_1_29' title="bbox 340 1991 1095 2030; baseline -0.003 -3"><span class='ocrx_word' id='word_1_200' title='bbox 340 1996 356 2017; x_wconf 83' lang='lat'><em>²</em></span> <span class='ocrx_word' id='word_1_201' title='bbox 378 1994 587 2027; x_wconf 73' lang='lat' dir='ltr'>Ealdormen</span> <span class='ocrx_word' id='word_1_202' title='bbox 604 1994 675 2026; x_wconf 78' lang='lat' dir='ltr'>and</span> <span class='ocrx_word' id='word_1_203' title='bbox 693 1993 830 2030; x_wconf 76' lang='lat' dir='ltr'>thanes,</span> <span class='ocrx_word' id='word_1_204' title='bbox 848 1991 927 2024; x_wconf 86' lang='lat' dir='ltr'><strong>A.S.</strong></span> <span class='ocrx_word' id='word_1_205' title='bbox 947 1992 1095 2025; x_wconf 85' lang='lat' dir='ltr'>version.</span> 
     </span>
     <span class='ocr_line' id='line_1_30' title="bbox 123 2053 192 2090; baseline 0.014 -1"><span class='ocrx_word' id='word_1_206' title='bbox 123 2053 192 2090; x_wconf 82' lang='lat'>282</span> 
     </span>
    </p>
   </div>
  </div>
 </body>
</html>
