1473 2322
467 164 579 201 THE
615 162 946 201 VENERABLE
981 163 1128 200 BEDE

206 266 407 311 videlicet,
427 272 469 304 et
489 268 574 304 eius
593 268 662 316 qui
680 264 1014 310 occidere⁷iussit,
1033 267 1190 303 animae
1208 265 1391 315 redemp-

205 328 316 363 tione
341 325 488 362 cotidie
512 324 689 362 Domino
714 338 853 374 preces
878 323 1010 362 offerri
1034 324 1244 361 deberent.

256 384 356 420 Erat
387 389 527 421 autem
557 397 629 420 rex
663 383 805 420 Osuini
838 388 880 420 et
913 388 1080 432 aspectu
1111 388 1318 427 venustus,
1351 387 1394 420 et

205 448 362 480 statura
378 442 572 487 sublimis,
589 448 633 480 et
649 441 774 478 affatu
791 442 1001 486 iucundus,
1015 447 1057 479 et
1068 442 1245 478 moribus
1257 439 1394 485 civilis,

206 508 249 539 et
285 515 408 539 manu
446 502 644 546 omnibus,
682 501 724 538 id
763 506 839 545 est,
877 500 1075 538 nobilibus
1114 500 1231 538 simul
1269 505 1393 550 atque

204 559 446 610 ignobilibus
470 559 627 609 largus:
663 559 770 596 unde
791 561 963 608 contigit
987 564 1034 595 ut
1053 559 1105 595 ob
1129 560 1284 609 regiam
1310 561 1394 596 eius

206 625 250 658 et
283 622 419 665 animi,
455 625 498 657 et
532 619 680 664 vultus,
717 624 760 656 et
793 621 1029 656 meritorum
1064 619 1309 668 dignitatem
1344 618 1394 654 ab

205 680 390 716 omnibus
411 678 661 728 diligeretur,
683 683 725 715 et
747 678 926 728 undique
949 678 1000 715 ad
1022 680 1106 715 eius
1127 679 1394 715 ministerium

206 737 257 775 de
274 739 428 775 cunctis
446 750 571 787 prope
590 738 800 786 provinciis
819 738 891 772 viri
910 738 1034 773 etiam
1052 735 1286 773 nobilissimi
1303 749 1395 773 con-

205 801 425 834 currerent.
480 795 602 832 Cuius
620 797 726 832 inter
744 800 900 832 ceteras
918 797 1077 831 virtutis
1097 800 1140 832 et
1156 795 1395 839 modestiae,

207 862 264 901 et,
281 861 328 892 ut
345 858 403 892 ita
420 855 565 899 dicam,
584 853 765 903 specialis
783 854 1075 891 benedictionis
1093 854 1253 904 glorias,
1272 857 1395 893 etiam

206 918 383 953 maxima
407 915 530 952 fuisse
558 914 686 951 fertur
712 912 931 958 humilitas,
958 919 1004 951 ut
1030 927 1109 951 uno
1135 915 1306 964 probare
1333 920 1395 952 sat

208 979 285 1013 erit
308 973 507 1024 exemplo.

257 1034 494 1071 Donaverat
528 1046 676 1083 equum
711 1035 909 1082 optimum
944 1035 1115 1070 antistiti
1150 1033 1322 1078 Aidano‚
1356 1036 1394 1070 in

209 1107 287 1144 quo
301 1093 368 1131 ille
384 1096 565 1143 quamvis
581 1091 787 1130 ambulare
803 1092 957 1137 solitus,
973 1092 1036 1130 vel
1051 1095 1229 1130 amnium
1243 1093 1397 1131 fluenta

207 1156 392 1198 transire,
424 1151 487 1190 vel
518 1155 550 1189 si
582 1151 660 1189 alia
691 1152 898 1202 quaelibet
929 1155 1147 1190 necessitas
1178 1155 1396 1198 insisteret,

209 1216 313 1250 viam
350 1225 546 1263 peragere
584 1218 743 1262 posset:
795 1214 858 1248 cui
896 1225 987 1249 cum
1024 1225 1147 1262 parvo
1183 1214 1397 1250 interiecto

208 1279 392 1323 tempore
432 1285 586 1322 pauper
627 1272 791 1321 quidam
831 1277 1058 1309 occurreret
1098 1270 1397 1323 eleemosynam

208 1338 367 1383 petens,
398 1331 584 1369 desiliens
614 1330 681 1368 ille
712 1333 920 1381 praecepit
951 1344 1115 1381 equum,
1145 1334 1203 1368 ita
1233 1337 1279 1368 ut
1310 1338 1398 1369 erat

209 1397 359 1429 stratus
388 1389 593 1441 regaliter,
622 1392 791 1440 pauperi
819 1390 927 1428 dari:
972 1396 1060 1428 erat
1089 1392 1196 1428 enim
1224 1390 1398 1428 multum

208 1453 444 1495 misericors,
490 1456 532 1488 et
577 1449 706 1487 cultor
750 1463 989 1500 pauperum,
1035 1463 1080 1487 ac
1125 1449 1238 1487 velut
1281 1456 1399 1500 pater

208 1514 456 1548 miserorum.
512 1509 600 1546 Hoc
633 1522 724 1546 cum
756 1512 843 1559 regi
877 1515 984 1547 esset
1015 1508 1204 1554 relatum,
1237 1509 1399 1548 dicebat

210 1573 410 1621 episcopo,
435 1582 527 1606 cum
552 1568 657 1606 forte
682 1571 899 1618 ingressuri
926 1574 1061 1606 essent
1087 1569 1139 1606 ad
1163 1569 1397 1618 prandium:

210 1630 232 1643 ‘⁸
252 1629 361 1676 Quid
400 1628 574 1673 voluisti,
614 1628 775 1665 domine
816 1630 999 1672 antistes,
1040 1641 1189 1678 equum
1227 1631 1398 1679 regium,

210 1703 332 1740 quem
374 1694 418 1726 te
462 1688 730 1725 conveniebat
773 1689 978 1737 proprium
1021 1687 1187 1732 habere,
1230 1691 1399 1738 pauperi

210 1749 334 1786 dare?
388 1747 595 1797 Numquid
617 1760 697 1784 non
718 1745 931 1784 habuimus
955 1760 1078 1797 equos
1101 1746 1256 1785 viliores
1278 1746 1399 1797 pluri-

209 1822 310 1854 mos,
350 1806 414 1844 vel
456 1806 551 1843 alias
593 1808 747 1856 species
789 1819 894 1856 quae
936 1806 988 1843 ad
1028 1819 1252 1856 pauperum
1293 1807 1399 1844 dona

210 1868 452 1911 sufficerent,
469 1868 650 1916 quamvis
665 1864 777 1903 illum
795 1868 851 1903 eis
868 1879 1018 1915 equum
1034 1880 1114 1903 non
1130 1866 1260 1912 dares,
1277 1880 1399 1916 quem

211 1928 285 1964 tibi
323 1924 552 1976 specialiter
590 1925 877 1975 possidendum
916 1924 1049 1974 elegi?
1071 1924 1093 1937 ”
1147 1925 1222 1962 Cui
1259 1928 1399 1963 statim

211 1988 444 2036 episcopus:
486 1984 636 2031 “Quid
662 1983 878 2035 loqueris,'’
906 1986 1051 2034 inquit,
1079 1983 1102 1997 ‘⁸
1121 1984 1220 2022 rex?
1274 1985 1399 2022 Num-

211 2081 283 2129 396
