1473 2322
418 134 529 171 THE
565 133 895 171 VENERABLE
930 134 1078 172 BEDE

156 236 318 281 insulas,
343 239 446 274 sicut
469 241 513 275 et
535 250 655 287 supra
678 237 899 281 docuimus,
921 239 1090 287 imperio
1113 237 1343 288 subiugavit

156 298 400 349 Anglorum:
446 311 615 349 quarum
643 300 750 348 prior
780 311 884 348 quae
915 299 967 336 ad
996 302 1177 336 austrum
1207 302 1270 336 est
1299 302 1343 336 et

157 362 236 397 situ
272 359 452 409 amplior,
487 363 531 397 et
563 359 726 410 frugum
760 363 959 409 proventu
995 363 1118 409 atque
1153 359 1342 397 ubertate

157 419 321 465 felicior,
362 424 659 472 nongentarum
699 423 912 472 sexaginta
951 420 1192 458 familiarum
1232 433 1344 458 men-

157 495 303 526 suram,
344 484 460 519 iuxta
501 484 825 520 aestimationem
866 482 1113 533 Anglorum3
1168 481 1345 520 secunda

156 548 431 581 trecentarum
455 548 498 582 et
520 543 626 581 ultra
648 546 825 594 spatium
847 549 976 582 tenet.

208 605 313 643 Huic
339 609 477 643 autem
503 608 617 656 genti
644 607 796 643 occasio
822 605 901 642 fuit
926 606 1209 656 percipiendae
1236 605 1344 649 fidei,

159 667 267 716 quod
307 666 513 717 praefatus
555 680 627 704 rex
670 669 754 704 eius
796 669 1037 718 cognatione
1079 669 1238 704 iunctus
1282 671 1344 704 est

157 728 317 778 regibus
348 727 669 771 Cantuariorum,
700 732 867 778 accepta
894 730 937 764 in
965 730 1179 777 coniugem
1208 725 1344 765 Aedil-

157 790 307 840 bergae
348 789 428 826 filia
469 788 718 827 Aedilbercti
757 791 878 840 regis,
920 802 1023 839 quae
1066 789 1142 826 alio
1184 790 1344 826 nomine

158 850 284 889 Tatae
304 851 534 888 vocabatur.
588 850 718 887 Huius
738 853 982 888 consortium
1002 864 1093 888 cum
1112 852 1240 901 primo
1259 852 1343 901 ipse

158 914 284 949 missis
305 913 432 962 procis
453 925 476 948 a
494 911 619 949 fratre
640 914 724 949 eius
745 911 996 956 Aeodbaldo,
1017 914 1085 962 qui
1104 916 1202 949 tunc
1220 925 1344 962 regno

160 972 465 1010 Cantuariorum
507 978 707 1023 praeerat,
750 978 934 1024 peteret3
989 986 1226 1024 responsum
1268 976 1344 1020 est,

159 1048 238 1071 non
272 1047 358 1072 esse
391 1034 546 1071 licitum
581 1033 849 1071 Christianam
882 1036 1079 1085 virginem
1113 1046 1270 1085 pagano
1303 1035 1344 1070 in

159 1099 371 1147 coniugem
386 1096 485 1139 dari,
502 1109 552 1133 ne
574 1095 671 1134 fides
692 1100 735 1133 et
754 1100 1006 1133 sacramenta
1024 1095 1208 1134 coelestis
1224 1095 1344 1146 Regis

160 1159 355 1194 consortio
390 1156 700 1207 profanarentur
734 1159 841 1208 regis
877 1159 945 1208 qui
981 1159 1063 1195 veri
1098 1156 1179 1195 Dei
1215 1156 1344 1194 cultus

161 1223 266 1256 esset
300 1230 458 1269 prorsus
493 1220 667 1269 ignarus.
722 1217 838 1265 Quae
873 1231 965 1255 cum
1000 1218 1186 1256 Aeduino
1222 1218 1344 1255 verba

160 1282 289 1317 nuntii
327 1279 539 1324 referrent,
579 1281 761 1329 promisit
799 1293 843 1317 se
882 1279 939 1316 nil
978 1280 1214 1317 omnimodis
1254 1292 1345 1316 con-

159 1344 325 1379 trarium
356 1340 605 1379 Christianae
638 1340 731 1378 fidei
762 1354 883 1391 quam
912 1343 1023 1392 virgo
1054 1341 1226 1385 colebat,
1257 1354 1344 1379 esse

160 1404 382 1441 facturum:
428 1405 524 1453 quin
555 1404 689 1452 potius
719 1405 1006 1453 permissurum
1037 1407 1083 1439 ut
1114 1402 1235 1440 fidem
1265 1401 1346 1439 cul-

159 1471 328 1515 tumque
368 1477 464 1502 suae
504 1463 706 1515 religionis
747 1477 838 1502 cum
877 1465 1060 1502 omnibus
1102 1466 1170 1514 qui
1209 1477 1344 1502 secum

159 1529 376 1571 venissent,
400 1528 491 1563 viris
515 1527 598 1564 sive
621 1526 795 1570 feminis,
819 1526 1093 1563 sacerdotibus
1118 1539 1190 1563 seu
1211 1527 1346 1562 minis-

160 1591 245 1633 tris,
267 1602 378 1626 more
402 1587 627 1625 Christiano
650 1592 841 1625 servaret.
897 1587 1039 1638 Neque
1063 1588 1281 1638 abnegavit
1302 1599 1345 1624 se

162 1652 285 1688 etiam
307 1649 479 1687 eandem
501 1649 728 1686 subiturum
751 1662 837 1686 esse
859 1647 1118 1700 religionem;
1154 1650 1187 1685 si
1208 1652 1346 1686 tamen

162 1713 391 1749 examinata
424 1723 449 1748 a
481 1710 746 1760 prudentibus
781 1712 954 1747 sanctior
989 1723 1033 1747 ac
1066 1709 1156 1747 Deo
1190 1710 1346 1761 dignior

160 1776 297 1822 posset
323 1773 505 1810 inveniri.

212 1834 357 1884 Itaque
380 1836 630 1883 promittitur
653 1835 777 1884 virgo,
801 1838 924 1883 atque
948 1833 1133 1870 Aeduino
1156 1833 1346 1875 mittitur,

161 1900 204 1933 et
222 1897 337 1932 iuxta
357 1895 466 1946 quod
485 1895 723 1944 dispositum
741 1894 890 1938 fuerat,
910 1894 1117 1932 ordinatur
1137 1895 1346 1944 episcopus

203 1999 215 2018 ²
238 1998 279 2031 P.
294 1999 370 2031 225.
496 1998 508 2017 ²
531 1997 583 2030 Cf.
600 2008 634 2039 p.
655 1998 725 2030 108.
845 1997 860 2017 ³
881 1997 954 2029 The
971 1997 1090 2029 Witan
1106 1996 1325 2039 apparently.

161 2053 231 2097 246
