<?xml version="1.0" encoding="UTF-8"?>
<!DOCTYPE html PUBLIC "-//W3C//DTD XHTML 1.0 Transitional//EN"
    "http://www.w3.org/TR/xhtml1/DTD/xhtml1-transitional.dtd">
<html xmlns="http://www.w3.org/1999/xhtml" xml:lang="en" lang="en">
 <head>
  <title>
</title>
<meta http-equiv="Content-Type" content="text/html;charset=utf-8" />
  <meta name='ocr-system' content='tesseract 3.04.00' />
  <meta name='ocr-capabilities' content='ocr_page ocr_carea ocr_par ocr_line ocrx_word'/>
</head>
<body>
  <div class='ocr_page' id='page_1' title='image "./operahistorica01bedeuoft_0366.png"; bbox 0 0 1473 2322; ppageno 0'>
   <div class='ocr_carea' id='block_1_1' title="bbox 399 414 1190 515">
    <p class='ocr_par' dir='ltr' id='par_1_1' title="bbox 399 414 1190 515">
     <span class='ocr_line' id='line_1_1' title="bbox 399 414 1190 453; baseline 0.001 -2"><span class='ocrx_word' id='word_1_1' title='bbox 399 414 696 453; x_wconf 91' lang='lat' dir='ltr'><strong>HISTORIAE</strong></span> <span class='ocrx_word' id='word_1_2' title='bbox 731 414 1190 453; x_wconf 89' lang='lat' dir='ltr'><strong>ECCLESIASTICAE</strong></span> 
     </span>
     <span class='ocr_line' id='line_1_2' title="bbox 514 476 1067 515; baseline 0 -2"><span class='ocrx_word' id='word_1_3' title='bbox 514 476 710 514; x_wconf 90' lang='lat' dir='ltr'>GENTIS</span> <span class='ocrx_word' id='word_1_4' title='bbox 746 477 1067 515; x_wconf 89' lang='lat' dir='ltr'>ANGLORUM</span> 
     </span>
    </p>
   </div>
   <div class='ocr_carea' id='block_1_2' title="bbox 588 578 1018 706">
    <p class='ocr_par' dir='ltr' id='par_1_2' title="bbox 588 578 1018 706">
     <span class='ocr_line' id='line_1_3' title="bbox 588 578 1018 616; baseline 0.002 -1"><span class='ocrx_word' id='word_1_5' title='bbox 588 578 750 615; x_wconf 88' lang='lat' dir='ltr'><strong>LIBER</strong></span> <span class='ocrx_word' id='word_1_6' title='bbox 786 579 1018 616; x_wconf 88' lang='lat' dir='ltr'>TERTIUS</span> 
     </span>
     <span class='ocr_line' id='line_1_4' title="bbox 713 667 886 706; baseline -0.006 -1"><span class='ocrx_word' id='word_1_7' title='bbox 713 667 829 706; x_wconf 90' lang='lat' dir='ltr'><strong>CAP.</strong></span> <span class='ocrx_word' id='word_1_8' title='bbox 869 669 886 704; x_wconf 97' lang='lat' dir='ltr'>I</span> 
     </span>
    </p>
   </div>
   <div class='ocr_carea' id='block_1_3' title="bbox 206 745 1387 904">
    <p class='ocr_par' dir='ltr' id='par_1_3' title="bbox 206 745 1387 904">
     <span class='ocr_line' id='line_1_5' title="bbox 206 745 1387 798; baseline 0 -14"><span class='ocrx_word' id='word_1_9' title='bbox 206 748 244 785; x_wconf 97' lang='lat' dir='ltr'>U</span> <span class='ocrx_word' id='word_1_10' title='bbox 243 753 254 784; x_wconf 77' lang='lat' dir='ltr'><em>t</em></span> <span class='ocrx_word' id='word_1_11' title='bbox 275 746 389 798; x_wconf 82' lang='lat' dir='ltr'>primi</span> <span class='ocrx_word' id='word_1_12' title='bbox 415 759 640 784; x_wconf 76' lang='lat' dir='ltr'><em>successores</em></span> <span class='ocrx_word' id='word_1_13' title='bbox 659 745 819 783; x_wconf 76' lang='lat' dir='ltr'>4eduini</span> <span class='ocrx_word' id='word_1_14' title='bbox 838 746 936 796; x_wconf 81' lang='lat' dir='ltr'>regis</span> <span class='ocrx_word' id='word_1_15' title='bbox 962 751 995 783; x_wconf 80' lang='lat' dir='ltr'>et</span> <span class='ocrx_word' id='word_1_16' title='bbox 1008 746 1129 796; x_wconf 86' lang='lat' dir='ltr'>fidem</span> <span class='ocrx_word' id='word_1_17' title='bbox 1156 760 1246 783; x_wconf 84' lang='lat' dir='ltr'>suae</span> <span class='ocrx_word' id='word_1_18' title='bbox 1267 746 1387 797; x_wconf 78' lang='lat' dir='ltr'>gentis</span> 
     </span>
     <span class='ocr_line' id='line_1_6' title="bbox 297 799 1387 851; baseline 0.002 -15"><span class='ocrx_word' id='word_1_19' title='bbox 297 800 541 851; x_wconf 80' lang='lat' dir='ltr'><em>prodiderint,</em></span> <span class='ocrx_word' id='word_1_20' title='bbox 566 806 598 836; x_wconf 77' lang='lat' dir='ltr'>et</span> <span class='ocrx_word' id='word_1_21' title='bbox 622 813 773 850; x_wconf 80' lang='lat' dir='ltr'>regnum</span> <span class='ocrx_word' id='word_1_22' title='bbox 793 813 907 850; x_wconf 82' lang='lat' dir='ltr'>porro</span> <span class='ocrx_word' id='word_1_23' title='bbox 933 799 1122 837; x_wconf 78' lang='lat' dir='ltr'>Osualdus</span> <span class='ocrx_word' id='word_1_24' title='bbox 1150 799 1387 838; x_wconf 76' lang='lat' dir='ltr'>Christianis-</span> 
     </span>
     <span class='ocr_line' id='line_1_7' title="bbox 300 853 952 904; baseline -0.002 -13"><span class='ocrx_word' id='word_1_25' title='bbox 300 854 414 891; x_wconf 76' lang='lat' dir='ltr'>simus</span> <span class='ocrx_word' id='word_1_26' title='bbox 430 867 496 891; x_wconf 75' lang='lat' dir='ltr'>rex</span> <span class='ocrx_word' id='word_1_27' title='bbox 512 859 704 904; x_wconf 79' lang='lat' dir='ltr'>utrumque</span> <span class='ocrx_word' id='word_1_28' title='bbox 719 853 952 891; x_wconf 79' lang='lat' dir='ltr'><em>restauravit.</em></span> 
     </span>
    </p>
   </div>
   <div class='ocr_carea' id='block_1_4' title="bbox 198 930 1389 1735">
    <p class='ocr_par' dir='ltr' id='par_1_4' title="bbox 198 930 1389 1735">
     <span class='ocr_line' id='line_1_8' title="bbox 250 930 1387 982; baseline 0.001 -14.007"><span class='ocrx_word' id='word_1_29' title='bbox 250 932 314 968; x_wconf 80' lang='lat' dir='ltr'>AT</span> <span class='ocrx_word' id='word_1_30' title='bbox 338 930 584 969; x_wconf 75' lang='lat' dir='ltr'>interfecto</span> <span class='ocrx_word' id='word_1_31' title='bbox 575 944 615 967; x_wconf 89' lang='lat' dir='ltr'>m</span> <span class='ocrx_word' id='word_1_32' title='bbox 634 944 773 981; x_wconf 84' lang='lat' dir='ltr'>pugna</span> <span class='ocrx_word' id='word_1_33' title='bbox 792 931 994 975; x_wconf 78' lang='lat' dir='ltr'>Aeduino,</span> <span class='ocrx_word' id='word_1_34' title='bbox 1020 933 1198 980; x_wconf 79' lang='lat' dir='ltr'>suscepit</span> <span class='ocrx_word' id='word_1_35' title='bbox 1223 944 1295 982; x_wconf 90' lang='lat' dir='ltr'>pro</span> <span class='ocrx_word' id='word_1_36' title='bbox 1320 932 1387 970; x_wconf 92' lang='lat' dir='ltr'>illo</span> 
     </span>
     <span class='ocr_line' id='line_1_9' title="bbox 200 984 1386 1036; baseline 0.001 -14"><span class='ocrx_word' id='word_1_37' title='bbox 200 999 370 1036; x_wconf 89' lang='lat' dir='ltr'>regnum</span> <span class='ocrx_word' id='word_1_38' title='bbox 407 985 636 1028; x_wconf 84' lang='lat' dir='ltr'>Deirorum,</span> <span class='ocrx_word' id='word_1_39' title='bbox 675 985 727 1022; x_wconf 91' lang='lat' dir='ltr'>de</span> <span class='ocrx_word' id='word_1_40' title='bbox 766 998 846 1035; x_wconf 86' lang='lat' dir='ltr'>qua</span> <span class='ocrx_word' id='word_1_41' title='bbox 883 987 1086 1035; x_wconf 85' lang='lat' dir='ltr'>provincia</span> <span class='ocrx_word' id='word_1_42' title='bbox 1121 984 1190 1023; x_wconf 92' lang='lat' dir='ltr'>ille</span> <span class='ocrx_word' id='word_1_43' title='bbox 1227 990 1386 1035; x_wconf 87' lang='lat' dir='ltr'>generis</span> 
     </span>
     <span class='ocr_line' id='line_1_10' title="bbox 199 1038 1387 1090; baseline 0.001 -14"><span class='ocrx_word' id='word_1_44' title='bbox 199 1042 426 1090; x_wconf 84' lang='lat' dir='ltr'>prosapiam</span> <span class='ocrx_word' id='word_1_45' title='bbox 447 1044 490 1077; x_wconf 84' lang='lat' dir='ltr'>et</span> <span class='ocrx_word' id='word_1_46' title='bbox 513 1039 731 1089; x_wconf 88' lang='lat' dir='ltr'>primordia</span> <span class='ocrx_word' id='word_1_47' title='bbox 752 1041 867 1089; x_wconf 80' lang='lat' dir='ltr'>regni</span> <span class='ocrx_word' id='word_1_48' title='bbox 891 1038 1104 1084; x_wconf 81' lang='lat' dir='ltr'><strong>habuerat,</strong></span> <span class='ocrx_word' id='word_1_49' title='bbox 1128 1038 1230 1076; x_wconf 90' lang='lat' dir='ltr'>filius</span> <span class='ocrx_word' id='word_1_50' title='bbox 1254 1043 1387 1089; x_wconf 83' lang='lat' dir='ltr'>patrui</span> 
     </span>
     <span class='ocr_line' id='line_1_11' title="bbox 201 1092 1385 1143; baseline -0.001 -12"><span class='ocrx_word' id='word_1_51' title='bbox 201 1096 286 1131; x_wconf 88' lang='lat' dir='ltr'>eius</span> <span class='ocrx_word' id='word_1_52' title='bbox 310 1093 491 1138; x_wconf 86' lang='lat' dir='ltr'>Aelfrici,</span> <span class='ocrx_word' id='word_1_53' title='bbox 511 1092 704 1130; x_wconf 84' lang='lat' dir='ltr'>vocabulo</span> <span class='ocrx_word' id='word_1_54' title='bbox 729 1092 858 1138; x_wconf 88' lang='lat' dir='ltr'>Osric,</span> <span class='ocrx_word' id='word_1_55' title='bbox 877 1095 946 1143; x_wconf 88' lang='lat' dir='ltr'>qui</span> <span class='ocrx_word' id='word_1_56' title='bbox 970 1093 1021 1130; x_wconf 86' lang='lat' dir='ltr'>ad</span> <span class='ocrx_word' id='word_1_57' title='bbox 1044 1093 1385 1143; x_wconf 76' lang='lat' dir='ltr'>praedicationem</span> 
     </span>
     <span class='ocr_line' id='line_1_12' title="bbox 201 1146 1388 1185; baseline 0.001 -1"><span class='ocrx_word' id='word_1_58' title='bbox 201 1147 356 1185; x_wconf 83' lang='lat' dir='ltr'>Paulini</span> <span class='ocrx_word' id='word_1_59' title='bbox 410 1147 504 1184; x_wconf 83' lang='lat' dir='ltr'>fidei</span> <span class='ocrx_word' id='word_1_60' title='bbox 559 1152 647 1185; x_wconf 82' lang='lat' dir='ltr'>erat</span> <span class='ocrx_word' id='word_1_61' title='bbox 700 1149 961 1184; x_wconf 76' lang='lat' dir='ltr'>sacramentis</span> <span class='ocrx_word' id='word_1_62' title='bbox 1015 1147 1206 1184; x_wconf 81' lang='lat' dir='ltr'>imbutus.</span> <span class='ocrx_word' id='word_1_63' title='bbox 1266 1146 1388 1185; x_wconf 88' lang='lat' dir='ltr'>Porro</span> 
     </span>
     <span class='ocr_line' id='line_1_13' title="bbox 199 1199 1387 1251; baseline 0.001 -13"><span class='ocrx_word' id='word_1_64' title='bbox 199 1214 369 1251; x_wconf 84' lang='lat' dir='ltr'>regnum</span> <span class='ocrx_word' id='word_1_65' title='bbox 402 1200 688 1245; x_wconf 88' lang='lat' dir='ltr'>Berniciorum,</span> <span class='ocrx_word' id='word_1_66' title='bbox 722 1213 816 1237; x_wconf 90' lang='lat' dir='ltr'>nam</span> <span class='ocrx_word' id='word_1_67' title='bbox 849 1203 891 1238; x_wconf 91' lang='lat' dir='ltr'>in</span> <span class='ocrx_word' id='word_1_68' title='bbox 928 1199 1000 1237; x_wconf 85' lang='lat' dir='ltr'>has</span> <span class='ocrx_word' id='word_1_69' title='bbox 1035 1200 1133 1238; x_wconf 83' lang='lat' dir='ltr'>duas</span> <span class='ocrx_word' id='word_1_70' title='bbox 1167 1203 1387 1251; x_wconf 82' lang='lat' dir='ltr'>provincias</span> 
     </span>
     <span class='ocr_line' id='line_1_14' title="bbox 198 1253 1388 1305; baseline -0.001 -11"><span class='ocrx_word' id='word_1_71' title='bbox 198 1268 298 1305; x_wconf 86' lang='lat' dir='ltr'>gens</span> <span class='ocrx_word' id='word_1_72' title='bbox 356 1253 783 1305; x_wconf 87' lang='lat' dir='ltr'>Nordanhymbrorum</span> <span class='ocrx_word' id='word_1_73' title='bbox 835 1256 1058 1304; x_wconf 77' lang='lat' dir='ltr'>antiquitus</span> <span class='ocrx_word' id='word_1_74' title='bbox 1110 1254 1236 1292; x_wconf 85' lang='lat' dir='ltr'>divisa</span> <span class='ocrx_word' id='word_1_75' title='bbox 1287 1261 1388 1300; x_wconf 82' lang='lat' dir='ltr'>erat,</span> 
     </span>
     <span class='ocr_line' id='line_1_15' title="bbox 199 1307 1389 1359; baseline 0 -13"><span class='ocrx_word' id='word_1_76' title='bbox 199 1310 375 1358; x_wconf 76' lang='lat' dir='ltr'>suscepit</span> <span class='ocrx_word' id='word_1_77' title='bbox 391 1308 492 1345; x_wconf 86' lang='lat' dir='ltr'>filius</span> <span class='ocrx_word' id='word_1_78' title='bbox 502 1307 715 1345; x_wconf 83' lang='lat' dir='ltr'>Aedilfridi</span> <span class='ocrx_word' id='word_1_79' title='bbox 729 1310 797 1358; x_wconf 89' lang='lat' dir='ltr'>qui</span> <span class='ocrx_word' id='word_1_80' title='bbox 810 1308 861 1346; x_wconf 88' lang='lat' dir='ltr'>de</span> <span class='ocrx_word' id='word_1_81' title='bbox 874 1307 942 1345; x_wconf 90' lang='lat' dir='ltr'>illa</span> <span class='ocrx_word' id='word_1_82' title='bbox 956 1310 1158 1357; x_wconf 86' lang='lat' dir='ltr'>provincia</span> <span class='ocrx_word' id='word_1_83' title='bbox 1170 1311 1330 1359; x_wconf 83' lang='lat' dir='ltr'>generis</span> <span class='ocrx_word' id='word_1_84' title='bbox 1346 1315 1389 1346; x_wconf 82' lang='lat' dir='ltr'>et</span> 
     </span>
     <span class='ocr_line' id='line_1_16' title="bbox 198 1361 1387 1413; baseline 0.001 -14"><span class='ocrx_word' id='word_1_85' title='bbox 198 1365 313 1413; x_wconf 84' lang='lat' dir='ltr'>regni</span> <span class='ocrx_word' id='word_1_86' title='bbox 335 1364 532 1412; x_wconf 84' lang='lat' dir='ltr'>originem</span> <span class='ocrx_word' id='word_1_87' title='bbox 553 1362 741 1407; x_wconf 79' lang='lat' dir='ltr'>duxerat,</span> <span class='ocrx_word' id='word_1_88' title='bbox 762 1364 924 1399; x_wconf 85' lang='lat' dir='ltr'>nomine</span> <span class='ocrx_word' id='word_1_89' title='bbox 945 1361 1126 1399; x_wconf 82' lang='lat' dir='ltr'>Eanfrid.</span> <span class='ocrx_word' id='word_1_90' title='bbox 1180 1361 1387 1412; x_wconf 88' lang='lat' dir='ltr'>Siquidem</span> 
     </span>
     <span class='ocr_line' id='line_1_17' title="bbox 199 1415 1388 1467; baseline -0.001 -12"><span class='ocrx_word' id='word_1_91' title='bbox 199 1423 382 1466; x_wconf 77' lang='lat' dir='ltr'>tempore</span> <span class='ocrx_word' id='word_1_92' title='bbox 404 1421 491 1454; x_wconf 78' lang='lat' dir='ltr'>toto</span> <span class='ocrx_word' id='word_1_93' title='bbox 513 1429 592 1466; x_wconf 88' lang='lat' dir='ltr'>quo</span> <span class='ocrx_word' id='word_1_94' title='bbox 608 1418 793 1466; x_wconf 79' lang='lat' dir='ltr'>regnavit</span> <span class='ocrx_word' id='word_1_95' title='bbox 808 1415 998 1460; x_wconf 81' lang='lat' dir='ltr'>Aeduini,</span> <span class='ocrx_word' id='word_1_96' title='bbox 1012 1415 1080 1452; x_wconf 83' lang='lat' dir='ltr'>filii</span> <span class='ocrx_word' id='word_1_97' title='bbox 1094 1415 1267 1466; x_wconf 79' lang='lat' dir='ltr'>praefati</span> <span class='ocrx_word' id='word_1_98' title='bbox 1282 1419 1388 1467; x_wconf 86' lang='lat' dir='ltr'>regis</span> 
     </span>
     <span class='ocr_line' id='line_1_18' title="bbox 201 1468 1389 1520; baseline 0.001 -13"><span class='ocrx_word' id='word_1_99' title='bbox 201 1469 414 1508; x_wconf 79' lang='lat' dir='ltr'>Aedilfridi</span> <span class='ocrx_word' id='word_1_100' title='bbox 448 1471 517 1520; x_wconf 92' lang='lat' dir='ltr'>qui</span> <span class='ocrx_word' id='word_1_101' title='bbox 546 1475 641 1508; x_wconf 78' lang='lat' dir='ltr'>ante</span> <span class='ocrx_word' id='word_1_102' title='bbox 678 1468 791 1506; x_wconf 91' lang='lat' dir='ltr'>illum</span> <span class='ocrx_word' id='word_1_103' title='bbox 828 1474 1083 1519; x_wconf 78' lang='lat' dir='ltr'>regnaverat,</span> <span class='ocrx_word' id='word_1_104' title='bbox 1111 1482 1203 1506; x_wconf 87' lang='lat' dir='ltr'>cum</span> <span class='ocrx_word' id='word_1_105' title='bbox 1240 1483 1389 1519; x_wconf 81' lang='lat' dir='ltr'>magna</span> 
     </span>
     <span class='ocr_line' id='line_1_19' title="bbox 200 1522 1387 1573; baseline 0.001 -13"><span class='ocrx_word' id='word_1_106' title='bbox 200 1523 393 1561; x_wconf 88' lang='lat' dir='ltr'>nobilium</span> <span class='ocrx_word' id='word_1_107' title='bbox 420 1525 633 1561; x_wconf 78' lang='lat' dir='ltr'>iuventute</span> <span class='ocrx_word' id='word_1_108' title='bbox 661 1523 769 1573; x_wconf 90' lang='lat' dir='ltr'>apud</span> <span class='ocrx_word' id='word_1_109' title='bbox 796 1522 954 1560; x_wconf 79' lang='lat' dir='ltr'>Scottos</span> <span class='ocrx_word' id='word_1_110' title='bbox 981 1525 1064 1561; x_wconf 85' lang='lat' dir='ltr'>sive</span> <span class='ocrx_word' id='word_1_111' title='bbox 1092 1522 1224 1561; x_wconf 81' lang='lat' dir='ltr'>Pictos</span> <span class='ocrx_word' id='word_1_112' title='bbox 1253 1524 1387 1561; x_wconf 87' lang='lat' dir='ltr'>exula-</span> 
     </span>
     <span class='ocr_line' id='line_1_20' title="bbox 199 1576 1388 1627; baseline 0 -12"><span class='ocrx_word' id='word_1_113' title='bbox 199 1579 313 1622; x_wconf 77' lang='lat' dir='ltr'>bant,</span> <span class='ocrx_word' id='word_1_114' title='bbox 338 1578 474 1627; x_wconf 92' lang='lat' dir='ltr'>ibique</span> <span class='ocrx_word' id='word_1_115' title='bbox 501 1577 553 1614; x_wconf 85' lang='lat' dir='ltr'>ad</span> <span class='ocrx_word' id='word_1_116' title='bbox 578 1577 802 1614; x_wconf 76' lang='lat' dir='ltr'>doctrinam</span> <span class='ocrx_word' id='word_1_117' title='bbox 827 1576 1057 1615; x_wconf 76' lang='lat' dir='ltr'>Scottorum</span> <span class='ocrx_word' id='word_1_118' title='bbox 1082 1576 1320 1615; x_wconf 78' lang='lat' dir='ltr'>catechizati</span> <span class='ocrx_word' id='word_1_119' title='bbox 1346 1583 1388 1615; x_wconf 75' lang='lat' dir='ltr'>et</span> 
     </span>
     <span class='ocr_line' id='line_1_21' title="bbox 201 1630 1387 1681; baseline 0 -12"><span class='ocrx_word' id='word_1_120' title='bbox 201 1632 456 1681; x_wconf 80' lang='lat' dir='ltr'>baptismatis</span> <span class='ocrx_word' id='word_1_121' title='bbox 494 1637 588 1668; x_wconf 73' lang='lat' dir='ltr'>sunt</span> <span class='ocrx_word' id='word_1_122' title='bbox 624 1633 756 1681; x_wconf 78' lang='lat' dir='ltr'>gratia</span> <span class='ocrx_word' id='word_1_123' title='bbox 791 1634 975 1669; x_wconf 79' lang='lat' dir='ltr'>recreati.</span> <span class='ocrx_word' id='word_1_124' title='bbox 1030 1630 1110 1677; x_wconf 66' lang='lat' dir='ltr'>Qui·</span> <span class='ocrx_word' id='word_1_125' title='bbox 1146 1636 1193 1668; x_wconf 80' lang='lat' dir='ltr'>ut</span> <span class='ocrx_word' id='word_1_126' title='bbox 1228 1637 1387 1669; x_wconf 79' lang='lat' dir='ltr'>mortuo</span> 
     </span>
     <span class='ocr_line' id='line_1_22' title="bbox 201 1685 1388 1735; baseline -0.001 -12"><span class='ocrx_word' id='word_1_127' title='bbox 201 1699 297 1735; x_wconf 86' lang='lat' dir='ltr'>rege</span> <span class='ocrx_word' id='word_1_128' title='bbox 327 1687 486 1722; x_wconf 89' lang='lat' dir='ltr'>inimico</span> <span class='ocrx_word' id='word_1_129' title='bbox 517 1687 690 1735; x_wconf 81' lang='lat' dir='ltr'>patriam</span> <span class='ocrx_word' id='word_1_130' title='bbox 721 1690 816 1723; x_wconf 76' lang='lat' dir='ltr'>sunt</span> <span class='ocrx_word' id='word_1_131' title='bbox 845 1685 975 1722; x_wconf 87' lang='lat' dir='ltr'>redire</span> <span class='ocrx_word' id='word_1_132' title='bbox 1006 1687 1202 1734; x_wconf 89' lang='lat' dir='ltr'>permissi,</span> <span class='ocrx_word' id='word_1_133' title='bbox 1233 1688 1388 1735; x_wconf 75' lang='lat' dir='ltr'>accepit</span> 
     </span>
    </p>
   </div>
   <div class='ocr_carea' id='block_1_5' title="bbox 199 1780 1388 2077">
    <p class='ocr_par' dir='ltr' id='par_1_5' title="bbox 199 1780 1388 1864">
     <span class='ocr_line' id='line_1_23' title="bbox 245 1780 1388 1822; baseline 0 -10"><span class='ocrx_word' id='word_1_134' title='bbox 245 1780 257 1799; x_wconf 78' lang='lat'>1</span> <span class='ocrx_word' id='word_1_135' title='bbox 281 1780 394 1816; x_wconf 82' lang='lat' dir='ltr'>Deira,</span> <span class='ocrx_word' id='word_1_136' title='bbox 407 1780 495 1812; x_wconf 82' lang='lat' dir='ltr'>from</span> <span class='ocrx_word' id='word_1_137' title='bbox 510 1780 570 1812; x_wconf 74' lang='lat' dir='ltr'>the</span> <span class='ocrx_word' id='word_1_138' title='bbox 584 1780 741 1812; x_wconf 81' lang='lat' dir='ltr'>Humber</span> <span class='ocrx_word' id='word_1_139' title='bbox 755 1784 792 1812; x_wconf 74' lang='lat' dir='ltr'>to</span> <span class='ocrx_word' id='word_1_140' title='bbox 807 1780 866 1812; x_wconf 79' lang='lat' dir='ltr'>the</span> <span class='ocrx_word' id='word_1_141' title='bbox 880 1780 977 1822; x_wconf 86' lang='lat' dir='ltr'>Tyne</span> <span class='ocrx_word' id='word_1_142' title='bbox 989 1791 1026 1812; x_wconf 87' lang='lat' dir='ltr'>or</span> <span class='ocrx_word' id='word_1_143' title='bbox 1038 1780 1132 1818; x_wconf 79' lang='lat' dir='ltr'>Tees,</span> <span class='ocrx_word' id='word_1_144' title='bbox 1145 1780 1224 1817; x_wconf 84' lang='lat' dir='ltr'>and,</span> <span class='ocrx_word' id='word_1_145' title='bbox 1239 1781 1344 1812; x_wconf 73' lang='lat' dir='ltr'>north</span> <span class='ocrx_word' id='word_1_146' title='bbox 1353 1781 1388 1813; x_wconf 81' lang='lat' dir='ltr'>of</span> 
     </span>
     <span class='ocr_line' id='line_1_24' title="bbox 199 1823 954 1864; baseline 0 -10"><span class='ocrx_word' id='word_1_147' title='bbox 199 1823 313 1859; x_wconf 72' lang='lat' dir='ltr'>Dcira,</span> <span class='ocrx_word' id='word_1_148' title='bbox 331 1823 487 1854; x_wconf 79' lang='lat' dir='ltr'>Bernioia</span> <span class='ocrx_word' id='word_1_149' title='bbox 503 1823 689 1864; x_wconf 73' lang='lat' dir='ltr'>extending</span> <span class='ocrx_word' id='word_1_150' title='bbox 705 1826 742 1854; x_wconf 74' lang='lat' dir='ltr'>to</span> <span class='ocrx_word' id='word_1_151' title='bbox 759 1823 819 1854; x_wconf 74' lang='lat' dir='ltr'>the</span> <span class='ocrx_word' id='word_1_152' title='bbox 836 1823 954 1855; x_wconf 79' lang='lat' dir='ltr'>Forth.</span> 
     </span>
    </p>

    <p class='ocr_par' dir='ltr' id='par_1_6' title="bbox 199 1865 1387 2077">
     <span class='ocr_line' id='line_1_25' title="bbox 245 1865 1386 1905; baseline 0.001 -8"><span class='ocrx_word' id='word_1_153' title='bbox 245 1866 258 1884; x_wconf 75' lang='lat'><strong>²</strong></span> <span class='ocrx_word' id='word_1_154' title='bbox 281 1865 332 1897; x_wconf 76' lang='lat' dir='ltr'>Cf.</span> <span class='ocrx_word' id='word_1_155' title='bbox 361 1865 471 1903; x_wconf 72' lang='lat' dir='ltr'>Scott,</span> <span class='ocrx_word' id='word_1_156' title='bbox 500 1866 568 1898; x_wconf 86' lang='lat' dir='ltr'>Rob</span> <span class='ocrx_word' id='word_1_157' title='bbox 598 1866 679 1905; x_wconf 76' lang='lat' dir='ltr'>Roy,</span> <span class='ocrx_word' id='word_1_158' title='bbox 709 1866 763 1897; x_wconf 91' lang='lat' dir='ltr'>ch.</span> <span class='ocrx_word' id='word_1_159' title='bbox 792 1866 898 1897; x_wconf 79' lang='lat' dir='ltr'>xviii:</span> <span class='ocrx_word' id='word_1_160' title='bbox 943 1866 963 1879; x_wconf 92' lang='lat'>“</span> <span class='ocrx_word' id='word_1_161' title='bbox 977 1865 1042 1897; x_wconf 83' lang='lat' dir='ltr'>His</span> <span class='ocrx_word' id='word_1_162' title='bbox 1069 1865 1181 1902; x_wconf 80' lang='lat' dir='ltr'>limbs,</span> <span class='ocrx_word' id='word_1_163' title='bbox 1209 1865 1299 1897; x_wconf 81' lang='lat' dir='ltr'>from</span> <span class='ocrx_word' id='word_1_164' title='bbox 1327 1866 1386 1898; x_wconf 76' lang='lat' dir='ltr'>the</span> 
     </span>
     <span class='ocr_line' id='line_1_26' title="bbox 201 1908 1387 1949; baseline 0.001 -10"><span class='ocrx_word' id='word_1_165' title='bbox 201 1908 338 1940; x_wconf 77' lang='lat' dir='ltr'>bottom</span> <span class='ocrx_word' id='word_1_166' title='bbox 359 1909 394 1940; x_wconf 79' lang='lat' dir='ltr'>of</span> <span class='ocrx_word' id='word_1_167' title='bbox 413 1908 465 1940; x_wconf 84' lang='lat' dir='ltr'>his</span> <span class='ocrx_word' id='word_1_168' title='bbox 484 1908 550 1939; x_wconf 74' lang='lat' dir='ltr'>kilt</span> <span class='ocrx_word' id='word_1_169' title='bbox 567 1911 606 1940; x_wconf 79' lang='lat' dir='ltr'>to</span> <span class='ocrx_word' id='word_1_170' title='bbox 624 1908 684 1940; x_wconf 79' lang='lat' dir='ltr'>the</span> <span class='ocrx_word' id='word_1_171' title='bbox 703 1912 765 1949; x_wconf 80' lang='lat' dir='ltr'>top</span> <span class='ocrx_word' id='word_1_172' title='bbox 785 1908 821 1940; x_wconf 80' lang='lat' dir='ltr'>of</span> <span class='ocrx_word' id='word_1_173' title='bbox 839 1908 892 1940; x_wconf 82' lang='lat' dir='ltr'>his</span> <span class='ocrx_word' id='word_1_174' title='bbox 910 1908 1008 1940; x_wconf 73' lang='lat' dir='ltr'>short</span> <span class='ocrx_word' id='word_1_175' title='bbox 1026 1908 1117 1945; x_wconf 85' lang='lat' dir='ltr'>hose,</span> <span class='ocrx_word' id='word_1_176' title='bbox 1138 1918 1224 1939; x_wconf 86' lang='lat' dir='ltr'>were</span> <span class='ocrx_word' id='word_1_177' title='bbox 1243 1909 1387 1940; x_wconf 84' lang='lat' dir='ltr'>covered</span> 
     </span>
     <span class='ocr_line' id='line_1_27' title="bbox 201 1919 1386 1992; baseline 0 -10"><span class='ocrx_word' id='word_1_178' title='bbox 201 1951 285 1982; x_wconf 82' lang='lat' dir='ltr'>with</span> <span class='ocrx_word' id='word_1_179' title='bbox 299 1961 320 1981; x_wconf 83' lang='lat' dir='ltr'>a.</span> <span class='ocrx_word' id='word_1_180' title='bbox 333 1951 390 1982; x_wconf 83' lang='lat' dir='ltr'>fell</span> <span class='ocrx_word' id='word_1_181' title='bbox 404 1951 440 1982; x_wconf 85' lang='lat' dir='ltr'>of</span> <span class='ocrx_word' id='word_1_182' title='bbox 452 1950 558 1988; x_wconf 78' lang='lat' dir='ltr'>thick,</span> <span class='ocrx_word' id='word_1_183' title='bbox 574 1951 680 1988; x_wconf 78' lang='lat' dir='ltr'>short,</span> <span class='ocrx_word' id='word_1_184' title='bbox 695 1919 765 1982; x_wconf 86' lang='lat' dir='ltr'>redp</span> <span class='ocrx_word' id='word_1_185' title='bbox 768 1951 853 1988; x_wconf 78' lang='lat' dir='ltr'>hair,</span> <span class='ocrx_word' id='word_1_186' title='bbox 867 1951 1049 1992; x_wconf 82' lang='lat' dir='ltr'>especially</span> <span class='ocrx_word' id='word_1_187' title='bbox 1061 1950 1194 1982; x_wconf 86' lang='lat' dir='ltr'>around</span> <span class='ocrx_word' id='word_1_188' title='bbox 1208 1950 1260 1982; x_wconf 75' lang='lat' dir='ltr'>his</span> <span class='ocrx_word' id='word_1_189' title='bbox 1273 1951 1386 1988; x_wconf 86' lang='lat' dir='ltr'>knees,</span> 
     </span>
     <span class='ocr_line' id='line_1_28' title="bbox 201 1976 1387 2036; baseline 0.003 -12"><span class='ocrx_word' id='word_1_190' title='bbox 201 1993 312 2025; x_wconf 84' lang='lat' dir='ltr'>which</span> <span class='ocrx_word' id='word_1_191' title='bbox 333 1993 522 2025; x_wconf 85' lang='lat' dir='ltr'>resembled</span> <span class='ocrx_word' id='word_1_192' title='bbox 543 1994 579 2026; x_wconf 87' lang='lat' dir='ltr'>in</span> <span class='ocrx_word' id='word_1_193' title='bbox 601 1993 672 2027; x_wconf 73' lang='lat' dir='ltr'>this</span> <span class='ocrx_word' id='word_1_194' title='bbox 694 1997 827 2036; x_wconf 78' lang='lat' dir='ltr'>respect</span> <span class='ocrx_word' id='word_1_195' title='bbox 845 1976 908 2027; x_wconf 58' lang='lat' dir='ltr'>&#39;the</span> <span class='ocrx_word' id='word_1_196' title='bbox 929 1994 1031 2026; x_wconf 88' lang='lat' dir='ltr'>limbs</span> <span class='ocrx_word' id='word_1_197' title='bbox 1054 1993 1090 2027; x_wconf 84' lang='lat' dir='ltr'>of</span> <span class='ocrx_word' id='word_1_198' title='bbox 1110 2003 1131 2026; x_wconf 75' lang='lat' dir='ltr'>a</span> <span class='ocrx_word' id='word_1_199' title='bbox 1153 1993 1225 2025; x_wconf 86' lang='lat' dir='ltr'>red·</span> <span class='ocrx_word' id='word_1_200' title='bbox 1229 1993 1387 2028; x_wconf 82' lang='lat' dir='ltr'>coloured</span> 
     </span>
     <span class='ocr_line' id='line_1_29' title="bbox 199 2035 499 2077; baseline 0.004 -10"><span class='ocrx_word' id='word_1_201' title='bbox 199 2035 374 2077; x_wconf 81' lang='lat' dir='ltr'>Highland</span> <span class='ocrx_word' id='word_1_202' title='bbox 391 2035 499 2069; x_wconf 55' lang='lat' dir='ltr'>bullff&#39;</span> 
     </span>
    </p>
   </div>
   <div class='ocr_carea' id='block_1_6' title="bbox 199 2092 269 2129">
    <p class='ocr_par' dir='ltr' id='par_1_7' title="bbox 199 2092 269 2129">
     <span class='ocr_line' id='line_1_30' title="bbox 199 2092 269 2129; baseline -0.029 0"><span class='ocrx_word' id='word_1_203' title='bbox 199 2092 269 2129; x_wconf 82' lang='lat'>324</span> 
     </span>
    </p>
   </div>
  </div>
 </body>
</html>
