1473 2322
431 141 542 178 THE
579 141 836 179 VENERAB
842 142 910 180 LE
945 142 1092 181 BEDE

615 276 732 314 CAP.
770 277 909 314 XVIII

173 362 224 400 Ut
254 362 459 408 Honorius,
492 361 556 413 qui
588 362 691 400 Iusto
718 363 757 401 in
786 363 1033 415 episcopatum
1062 364 1355 403 Dor-avernensis

269 416 442 454 ecclesiae
462 416 648 461 successit,
668 416 714 454 ab
733 417 856 455 eodem
881 431 985 469 papa
1005 418 1173 456 Honorio
1195 418 1354 470 pallium

268 475 303 507 et
322 470 449 508 literas
467 471 658 522 acceperit.

219 555 333 594 HAEc
352 558 459 595 inter
472 555 607 594 Iustus
624 556 943 608 archiepiscopus
959 557 1011 596 ad
1025 557 1216 596 caelestia
1230 572 1355 610 regna

167 610 400 648 sublevatus
456 616 600 661 quarto
654 611 801 649 Iduum
853 610 1142 649 Novembrium
1193 612 1259 651 die
1313 618 1356 650 et

168 664 368 702 Honorius
391 677 463 714 pro
490 663 558 701 illo
587 670 650 702 est
678 667 718 701 in
747 664 1022 714 praesulatum
1051 664 1258 703 electuslz
1286 668 1354 716 qui

167 718 410 756 ordinandus
430 720 542 756 venit
562 718 613 755 ad
633 717 858 763 Paulinum,
880 725 922 757 et
941 725 1176 758 occurrente
1195 720 1270 757 sibi
1287 719 1355 757 illo

166 774 208 809 in
233 770 493 809 Lindocolino
518 774 682 822 quintus
707 773 758 809 ab
783 773 1012 822 Augustino
1035 771 1355 811 Doruvernensis

167 825 359 864 ecclesiae
372 831 627 863 consecratus
641 831 703 863 est
711 828 892 863 antistes.
924 826 997 863 Cui
1011 828 1135 864 etiam
1148 826 1354 876 praefatus

166 893 272 930 papa
304 879 505 916 Honorius
536 882 646 916 misit
677 879 843 930 pallium
876 885 919 917 et
948 879 1101 925 literas,
1132 883 1174 917 in
1206 881 1352 931 quibus

167 933 349 971 decernit
376 932 451 970 hoc
473 935 618 983 ipsum,
639 933 748 983 quod
774 936 816 970 in
845 932 1016 983 epistola
1044 934 1095 971 ad
1123 934 1355 971 Aeduinum

167 1000 306 1038 regem
332 989 453 1024 missa
486 987 743 1031 decreverat3
784 987 937 1025 scilicet
963 993 1010 1025 ut
1036 1001 1127 1025 cum
1155 987 1355 1026 Doruver-

167 1044 300 1080 nensis
319 1041 383 1079 vel
400 1042 666 1079 Eburacensis
686 1043 855 1079 antistes
874 1041 925 1079 de
943 1040 1018 1078 hae
1036 1044 1120 1078 vita
1137 1044 1356 1087 transierit,

165 1097 198 1133 is
215 1097 283 1146 qui
299 1100 484 1145 superest
500 1108 659 1132 consors
676 1095 856 1133 eiusdem
872 1095 1020 1145 gradus
1036 1094 1187 1133 habeat
1201 1101 1356 1146 potest-

167 1154 277 1187 atem
303 1148 475 1186 alterum
500 1149 724 1193 ordinandi,
749 1151 789 1185 in
812 1149 899 1186 loco
925 1152 1009 1186 eius
1034 1152 1102 1199 qui
1126 1151 1356 1195 transierat,

167 1203 442 1246 sacerdotem3
494 1216 546 1240 ne
583 1205 636 1240 sit
672 1216 837 1240 necesse
876 1202 927 1240 ad
964 1202 1188 1240 Romanam
1225 1216 1353 1254 usque

166 1259 374 1294 civitatem
399 1270 471 1306 per
496 1262 581 1293 tam
607 1255 762 1306 prolixa
787 1262 985 1294 terrarum
1013 1262 1056 1294 et
1079 1259 1199 1294 maris
1224 1259 1357 1307 spatia

167 1324 238 1361 pro
251 1311 472 1348 ordinando
487 1309 783 1360 archiepiscopo
797 1324 956 1360 semper
969 1310 1143 1360 fatigari.
1174 1310 1354 1357 Quarum

168 1367 291 1402 etiam
307 1370 469 1402 textum
485 1364 694 1402 literarum
709 1366 750 1401 in
767 1370 903 1401 nostra
919 1363 993 1401 hac
1010 1364 1189 1401 Historia
1204 1377 1354 1415 ponere

167 1418 421 1456 commodum
440 1418 640 1455 duximus.

217 1472 239 1485 “
259 1471 531 1510 Dilectissimo
551 1471 666 1509 fratri
686 1471 879 1516 Honorio,
899 1471 1112 1508 Honorius.

217 1532 239 1547 ‘⁶
260 1526 373 1563 Inter
400 1525 571 1576 plurima
609 1538 713 1575 quae
741 1525 1024 1575 Redemptoris
1052 1527 1178 1563 nostri
1204 1526 1355 1564 miseri-

167 1580 301 1617 cordia
320 1582 399 1617 suis
420 1579 578 1617 famulis
594 1580 785 1629 dignatur
803 1580 999 1616 bonorum
1013 1592 1182 1617 munera
1196 1592 1355 1629 praero-

166 1646 277 1683 gare,
313 1632 413 1670 illud
450 1636 574 1671 etiam
611 1633 833 1671 clementer
869 1632 1016 1670 collata
1054 1645 1150 1670 suae
1190 1634 1354 1682 pietatis

167 1686 443 1725 munificentia
479 1688 636 1731 tribuit,
674 1687 810 1737 quod2
857 1700 928 1736 per
974 1686 1172 1724 fraternos
1211 1685 1354 1723 affatus

170 1742 414 1778 unianimam
469 1740 727 1779 dilectionem
781 1741 955 1791 quadam
1010 1739 1353 1790 contemplatione

606 1854 616 1872 ¹
642 1853 694 1884 for
706 1852 852 1894 effectus,
865 1852 918 1885 Pl.

607 1896 619 1915 ²
640 1896 695 1927 for
710 1895 845 1937 quoties,
862 1895 915 1927 Pl.

213 2015 225 2035 ¹
249 2014 343 2046 Bede
361 2014 443 2046 does
459 2017 524 2046 not
539 2014 618 2056 give
635 2013 695 2046 the
710 2023 806 2056 year,
822 2013 934 2046 which
951 2023 1034 2055 may
1049 2012 1140 2044 have
1157 2012 1244 2044 been
1261 2013 1337 2046 627.

167 2088 240 2124 304
