1473 2322
434 137 545 174 THE
582 137 913 174 VENERABLE
948 138 1097 175 BEDE

172 237 335 276 alternis
351 238 578 288 aspectibus
586 243 879 288 repraesentat.
921 237 997 275 Pro
1005 239 1148 289 quibus
1155 242 1359 277 maiestati

173 301 256 335 eius
285 300 436 347 gratias
464 297 742 336 indesinenter
771 296 1026 344 exsolvimus,
1055 311 1229 348 eumque
1259 300 1360 335 votis

171 355 416 406 supplicibus
458 370 683 402 exoramus,
723 363 770 394 ut
808 362 985 395 vestram
1023 356 1282 395 dilectionem
1318 359 1360 394 in

171 416 472 465 praedicatione
491 415 702 466 Evangelii
712 414 966 454 laborantem
981 422 1023 454 et
1034 416 1361 461 fructificantem,

171 480 479 525 sectantemque
500 478 684 525 magistri
705 481 749 513 et
769 478 911 526 capitis
932 478 993 513 sui
1020 479 1150 513 sancti
1178 476 1360 526 Gregorii

171 533 367 584 regulam,
384 537 544 585 perpeti
559 534 785 573 stabilitate
803 535 1026 580 confirmet,
1043 540 1086 573 et
1102 535 1155 573 ad
1171 548 1362 586 augmen-

171 599 260 631 tum
287 592 492 632 Ecclesiae
524 608 621 632 suae
652 597 810 644 potiora
840 608 913 645 per
941 607 1009 632 vos
1037 597 1207 633 suscitet
1236 597 1362 633 incre-

170 659 311 692 menta
323 666 333 697 3
372 659 419 690 ut
442 653 521 691 fide
547 659 589 692 et
613 667 750 704 opere,
771 656 814 691 in
837 656 982 692 timore
1005 653 1087 692 Dei
1111 659 1154 692 et
1176 657 1362 699 caritate,

172 719 307 752 vestra
330 713 546 763 adquisitio
570 713 908 764 decessorumque
931 719 1156 751 vestrorum
1171 727 1276 764 quae
1290 727 1363 764 per

172 773 324 811 domini
371 773 556 822 Gregorii
604 773 769 811 exordia
815 772 1002 823 pullulat,
1048 772 1363 811 convalescendo

172 831 343 882 amplius
374 832 642 876 extendatur3
704 837 752 870 ut
780 834 868 883 ipsa
897 846 965 870 vos
996 832 1184 870 dominici
1214 831 1362 883 eloquii

172 896 367 944 promissa
397 895 438 930 in
468 893 605 930 futuro
635 895 867 943 respiciant,
898 906 1050 943 vosque
1081 906 1158 930 vox
1201 895 1281 930 ista
1311 893 1363 930 ad

174 958 382 990 aeternam
398 952 666 990 festim'tatem
683 958 846 990 evocet:
881 952 889 965 ‘
901 952 1049 990 Venite
1069 952 1120 989 ad
1138 965 1204 990 me
1223 965 1363 990 omnes

173 1015 241 1062 qui
268 1011 460 1049 laboratis
491 1017 533 1049 et
562 1015 718 1049 onerati
749 1014 859 1057 estis,
884 1017 928 1050 et
957 1025 1032 1062 ego
1060 1011 1238 1050 reficiam
1265 1011 1362 1049 vos.'

172 1072 227 1109 Et
243 1074 414 1110 iterum:
446 1071 454 1084 ‘
473 1071 604 1121 Euge,
622 1085 735 1109 serve
752 1072 858 1110 bone
883 1077 925 1110 et
951 1070 1101 1116 fidelis3
1133 1074 1228 1122 quia
1243 1085 1363 1122 super

172 1145 301 1181 pauca
319 1131 432 1168 fuisti
451 1130 593 1176 fidelis,
611 1144 732 1181 super
749 1131 879 1169 multa
897 1137 940 1169 te
959 1133 1225 1169 constituam:
1256 1134 1363 1169 intra

173 1195 214 1228 in
239 1191 433 1242 gaudium
459 1190 624 1228 Domini
650 1189 739 1228 tui.’
805 1190 861 1227 Et
886 1203 958 1227 nos
987 1191 1190 1241 equidem,
1216 1190 1361 1229 fratres

174 1250 485 1295 carissimi,haec
498 1251 609 1287 vobis
622 1263 693 1300 pro
707 1256 875 1288 aeterna
887 1252 1057 1288 caritate
1072 1249 1362 1289 exhortationis

175 1311 297 1348 verba
334 1312 661 1360 praemittentes,
693 1322 798 1360 quae
841 1323 976 1347 rursus
1002 1323 1074 1360 pro
1105 1309 1362 1348 ecclesiarum

174 1376 398 1409 vestrarum
430 1369 648 1420 privilegiis
682 1382 905 1419 congruere
938 1382 1056 1419 posse
1084 1372 1362 1419 conspicimus,

176 1444 254 1467 non
267 1430 496 1468 desistimus
508 1431 729 1479 impertire.
778 1429 833 1466 Et
845 1435 931 1466 tam
943 1431 1058 1466 iuxta
1071 1434 1247 1467 vestram
1259 1432 1362 1480 peti-

177 1493 340 1534 tionem,
372 1503 494 1540 quam
523 1488 693 1526 filiorum
722 1494 950 1526 nostrorum
978 1502 1122 1539 regum
1150 1489 1261 1526 vobis
1290 1502 1363 1539 per

175 1555 433 1600 praesentem
460 1555 640 1586 nostram
660 1551 990 1598 praeceptionem
1010 1551 1096 1586 vice
1118 1549 1231 1586 beati
1252 1547 1362 1587 Petri

175 1608 446 1660 apostolorum
487 1610 676 1659 principis
719 1611 1006 1646 auctoritatem
1045 1608 1275 1654 tribuimus,
1316 1614 1363 1646 ut

175 1669 336 1719 quando
367 1681 492 1705 unum
519 1681 570 1706 ex
596 1668 707 1705 vobis
735 1667 869 1705 divina
899 1668 951 1705 ad
976 1680 1020 1705 se
1045 1670 1206 1705 iusserit
1230 1670 1363 1718 gratia

174 1731 320 1773 vocari,
336 1730 368 1765 is
386 1730 455 1778 qui
471 1733 675 1777 superstes
692 1726 816 1765 fuerit
832 1726 1005 1765 alterum
1021 1729 1063 1764 in
1077 1725 1164 1764 loco
1181 1726 1362 1765 defuncti

176 1789 326 1826 debeat
351 1790 583 1837 episcopum
607 1787 804 1825 ordinare.
859 1786 936 1824 Pro
961 1799 1041 1836 qua
1067 1788 1191 1824 etiam
1215 1799 1259 1824 re
1284 1789 1362 1824 sin-

176 1847 270 1898 gula
295 1854 452 1886 vestrae
479 1847 685 1885 dilectioni
703 1846 827 1897 pallia
844 1859 916 1896 pro
938 1846 1081 1884 eadem
1107 1845 1361 1884 ordinatione

352 1949 364 1968 ²
386 1947 515 1979 Matth.
533 1948 580 1978 xi.
596 1949 651 1979 28.
847 1948 858 1965 ²
882 1946 1009 1978 Matth.
1026 1956 1110 1977 xxv.
1127 1945 1183 1977 23.

533 1990 546 2009 ³
567 1989 820 2022 Northumbria
837 1989 907 2021 and
924 1988 1033 2021 Kent.

177 2054 247 2101 306
