1473 2322
450 117 562 156 THE
598 116 928 156 VENERABLE
963 115 1111 154 BEDE

184 226 271 273 ipso
285 222 382 261 flore
398 222 695 260 adolescentiae
706 220 894 259 debilitas
907 220 1080 259 dolenda
1092 220 1367 258 damnaverat.

187 297 286 334 Erat
308 298 415 334 enim
439 295 712 332 arescentibus
734 296 866 332 nervis
888 298 1094 331 contracto
1115 293 1284 343 poplite,
1306 294 1370 329 cui

188 383 259 419 per
279 371 503 406 siccitatem
523 370 645 405 cruris
666 380 759 404 usus
781 369 940 418 vestigii
959 366 1198 417 negabatur.
1251 364 1370 402 Hunc

189 441 360 479 Elafium
386 443 589 491 provincia
614 445 704 477 tota
730 440 1010 490 subsequitur:
1050 441 1219 476 veniunt
1242 450 1372 476 sacer-

187 516 317 560 dotes,
332 516 503 551 occurrit
516 515 640 550 inscia
653 512 887 558 multitudo,
901 511 1114 550 confestim
1127 511 1371 556 benedictio,

188 594 232 627 et
273 590 465 626 sermonis
508 587 631 625 divini
673 586 856 624 doctrina
896 583 1165 636 profunditur.
1218 583 1372 635 Recog-

188 667 359 699 noscunt
390 659 584 711 populum
615 661 657 696 in
689 672 738 698 ea
770 671 850 710 qua
879 658 1100 709 reliquerat
1131 656 1372 695 credulitate

189 735 425 772 durantem:
494 732 729 784 intelligunt
783 725 942 782 culpam
997 744 1084 769 esse
1139 743 1372 780 paucorum,

188 810 397 858 inquirunt
421 811 619 850 auctores,
642 808 909 855 inventosque
934 804 1217 842 condemnant.
1271 802 1372 840 Cum

189 881 322 917 subito
337 879 486 916 Elafius
500 879 670 929 pedibus
685 877 909 915 advolvitur
922 876 1191 921 sacerdotum,
1203 875 1373 914 offerens

191 953 329 997 filium,
357 954 468 989 cuius
495 953 781 990 necessitatem
808 953 896 1000 ipsa
922 949 1109 988 debilitas
1137 951 1261 986 etiam
1287 950 1373 986 sine

190 1027 373 1075 precibus
411 1024 650 1075 adlegabat:
700 1023 746 1061 fit
781 1025 1001 1060 communis
1037 1024 1215 1060 omnium
1250 1020 1374 1065 dolor,

191 1101 405 1149 praecipue
431 1097 700 1142 sacerdotum,
720 1099 788 1147 qui
807 1101 1045 1146 conceptam
1062 1094 1374 1133 misericordiam

191 1172 242 1209 ad
289 1172 464 1209 divinam
511 1170 768 1208 clementiam
814 1168 1094 1207 contulerunt:
1154 1170 1373 1217 statimque

192 1244 489 1282 adolescentem
531 1244 676 1280 beatus
719 1242 943 1280 Germanus
984 1241 1126 1278 sedere
1168 1239 1375 1290 compulit,

192 1318 395 1355 adtrectat
419 1316 615 1366 poplitem
639 1314 851 1353 debilitate
875 1319 1099 1358 curvatum,
1124 1319 1167 1351 et
1190 1326 1263 1363 per
1285 1317 1374 1350 tota

192 1391 436 1427 infirmitatis
452 1392 583 1439 spatia
599 1387 846 1426 medicabilis
863 1387 1033 1425 dextera
1047 1388 1258 1436 percurrit,
1273 1384 1377 1422 salu-

192 1465 387 1513 bremque
399 1468 554 1499 tactum
567 1463 716 1499 sanitas
729 1460 877 1498 festina
888 1460 1157 1510 subsequitur.
1197 1458 1376 1495 Ariditas

193 1549 368 1579 succum,
404 1537 514 1573 nervi
551 1534 677 1571 officia
712 1538 967 1584 receperunt,
1004 1538 1047 1570 et
1081 1534 1123 1569 in
1158 1536 1375 1581 conspectu

193 1611 369 1645 omnium
413 1607 493 1644 filio
534 1606 801 1650 incolumitas,
842 1607 948 1655 patri
991 1604 1092 1642 filius
1135 1606 1374 1642 restituitur.

195 1681 420 1732 Implentur
444 1679 581 1731 populi
606 1685 770 1730 stupore
795 1678 989 1723 miraculi,
1014 1683 1058 1716 et
1080 1679 1122 1714 in
1146 1677 1376 1727 pectoribus

197 1756 375 1792 omnium
404 1753 503 1791 fides
532 1751 728 1790 catholica
749 1750 949 1788 inculcata
968 1750 1162 1787 firmatur.
1216 1748 1377 1786 Praedi-

195 1829 301 1864 catio
320 1826 468 1865 deinde
488 1825 539 1863 ad
558 1825 720 1875 plebem
740 1824 791 1862 de
814 1825 1164 1874 praevaricationis
1188 1821 1377 1859 emenda-

195 1902 306 1937 tione
341 1901 602 1942 convertitur,
636 1899 896 1947 omniumque
930 1897 1133 1933 sententia
1166 1896 1377 1945 pravitatis

195 1976 393 2015 auctores,
440 1974 507 2021 qui
555 1976 670 2008 erant
715 1968 870 2020 expulsi
914 1967 1057 2013 insula,
1102 1967 1375 2006 sacerdotibus

199 2050 245 2098 96
