1473 2322
430 97 541 133 THE
578 97 612 133 V
615 97 908 134 ENERABLE
945 97 1092 135 BEDE

170 202 382 238 caritatem
409 200 583 250 religiosi
610 202 681 236 viri
708 199 853 237 nullius
879 201 1229 240 commendatione
1254 202 1354 240 indi-

169 260 317 304 geant;
372 256 467 303 quia
506 259 645 291 tamen
686 259 828 303 aptum
869 254 1067 292 scribendi
1108 268 1151 293 se
1191 261 1353 305 tempus

169 309 350 357 ingessit,
378 307 624 344 fraternitati
652 312 812 345 vestrae
844 313 982 345 nostra
1014 310 1179 346 mittere
1207 312 1356 358 scripta

169 363 415 403 curavimus3
490 362 755 405 insinuantes,
815 359 988 399 latorem
1004 360 1019 384 ¹
1079 365 1354 412 praesentium

171 414 444 464 Augustinum
460 426 619 451 servum
636 413 729 458 Dei,
745 413 796 451 de
812 415 924 451 cuius
941 416 1040 452 certi
1055 427 1192 452 sumus
1207 416 1354 460 studio,

170 480 261 503 cum
282 467 366 504 aliis
386 469 508 504 servis
529 466 622 512 Dei,
641 467 719 504 illic
737 480 809 504 nos
828 480 900 517 pro
919 468 1098 506 utilitate
1118 471 1355 513 animarum,

171 520 391 558 auxiliante
417 520 606 565 Domino,
631 520 846 559 direxisse:
886 534 1007 571 quem
1032 535 1196 561 necesse
1221 528 1285 561 est
1309 528 1354 563 ut

167 573 405 611 sacerdotali
424 574 558 611 studio
576 576 769 611 sanctitas
790 579 924 611 vestra
944 575 1148 620 adiuvare,
1166 581 1209 614 et
1227 589 1299 613 sua
1315 578 1351 614 ei

168 627 310 665 solatia
324 628 520 676 praebere
539 626 720 665 festinet.
775 627 848 665 Cui
868 630 1007 673 etiam,
1022 634 1068 666 ut
1087 632 1354 679 promptiores

169 681 220 718 ad
262 680 562 731 suffragandum
604 683 764 731 possitis
808 683 997 726 existere,
1039 695 1201 720 causam
1243 683 1354 720 vobis

170 736 414 771 iniunximus
453 734 656 772 subtiliter
694 734 893 778 indicare3
945 737 1119 774 scientes
1158 736 1267 786 quod
1305 749 1354 774 ea

170 790 347 838 cognita,
366 793 454 825 tota
473 801 541 825 vos
561 793 727 838 propter
747 788 882 826 Deum
900 788 1116 828 devotione
1141 788 1193 826 ad
1215 788 1352 826 solaci·
1396 801 1404 808 ·

170 842 333 886 andum,
371 844 465 891 quia
501 855 564 879 res
605 844 746 892 exigit,
784 842 1061 880 commodetis.
1128 843 1353 880 Candidum

168 900 380 944 praeterea
405 896 703 945 presbyterum,
727 909 982 933 communem
1004 896 1142 941 filium,
1162 909 1283 947 quem
1304 897 1354 934 ad

166 949 503 998 gubernationem
523 949 792 998 patrimonioli
822 949 1014 987 ecelesiae
1033 956 1196 987 nostrae
1224 956 1352 987 trans-

167 1004 361 1046 misimus,
381 1005 540 1039 caritati
560 1008 719 1039 vestrae
739 1005 779 1039 in
799 1004 983 1040 omnibus
1009 1004 1350 1041 commendamus.

170 1055 281 1093 Deus
300 1061 342 1093 te
361 1055 604 1093 incolumem
621 1056 837 1100 custodiat,
854 1059 1178 1095 reverentissime
1197 1056 1334 1095 frater.

219 1108 242 1121 “
262 1109 373 1146 Data
424 1109 489 1147 die
541 1110 698 1147 decima
748 1109 1011 1147 kalendarum
1063 1111 1354 1161 Augustarum,

169 1165 394 1212 imperante
421 1163 582 1199 domino
608 1169 744 1199 nostro
772 1163 968 1200 Mauricio
992 1164 1152 1202 Tiberio
1177 1167 1353 1214 piissimo

168 1217 369 1266 Augusto,
414 1229 518 1253 anno
562 1217 718 1254 decimo
763 1223 922 1267 quarto,
965 1223 1057 1267 post
1100 1217 1352 1255 consulatum

169 1270 349 1307 eiusdem
367 1270 517 1306 domini
533 1272 658 1307 nostri
679 1283 784 1307 anno
803 1271 959 1308 decimo
979 1273 1115 1316 tertio,
1135 1271 1352 1309 indictione

167 1323 322 1360 decima
340 1322 528 1373 quartas’

634 1572 750 1610 CAP.
790 1574 902 1610 XXV

175 1653 224 1691 Ut
235 1653 382 1691 veniens
393 1654 617 1691 Brittaniam
630 1654 661 1690 Α
668 1654 874 1704 agustinus,
881 1654 1003 1705 primo
1015 1655 1051 1692 in
1064 1655 1187 1692 insula
1205 1655 1350 1693 Tanato

269 1708 348 1758 regi
371 1708 652 1745 Cantuariorum
667 1708 896 1758 praedicarit
908 1724 926 1751 ,·
954 1714 987 1745 et
1007 1708 1060 1745 sic
1079 1714 1228 1759 accepta
1247 1708 1292 1746 ab
1310 1722 1351 1746 eo

266 1760 425 1805 licentia,
449 1760 617 1799 Cantiam
633 1760 916 1811 praedicaturus
935 1762 1134 1799 intraverit.

218 1841 453 1878 Romanus
471 1855 566 1891 ergo
583 1841 883 1879 confirmatione
900 1842 1010 1879 beati
1026 1844 1151 1891 patris
1168 1841 1349 1892 Gregorii

168 1895 416 1945 Augustinus
445 1908 535 1931 cum
565 1894 722 1931 famulis
752 1894 898 1932 Christi
927 1897 994 1945 qui
1024 1900 1140 1933 erant
1167 1908 1258 1932 curn
1287 1909 1349 1940 eo,

602 1978 615 1999 ¹
640 1977 706 2009 For
721 1978 847 2016 latores,
864 1979 902 2012 Pl
908 2003 915 2010 .

172 2024 239 2059 106
