1473 2322
404 168 516 205 THE
555 166 886 205 VENERABLE
923 166 1071 204 BEDE

148 285 297 321 umque
349 270 551 308 curriculis
602 270 878 322 vagabundus,
928 269 1105 307 hostium
1155 271 1332 307 vitabam

147 333 337 370 insidias?
358 332 379 345 '’
434 333 624 370 Abeunte
647 334 771 383 igitur
794 333 920 369 amico
943 334 1136 369 remansit
1159 332 1333 369 Aeduini

148 393 252 430 solus
298 393 407 438 foris,
452 394 712 443 residensque
758 397 936 431 moestus
983 397 1078 430 ante
1123 392 1333 442 palatium,

148 454 284 492 multis
333 457 466 505 coepit
513 456 805 506 cogitationum
852 455 1029 492 aestibus
1077 454 1190 498 affici,
1239 453 1335 503 quid

150 519 304 565 ageret,
331 529 460 566 quove
486 516 634 566 pedem
660 519 838 553 verteret
864 517 1031 553 nescius.

201 576 382 627 Cumque
422 578 489 615 diu
527 579 660 614 tacitis
697 579 845 614 mentis
884 577 1097 628 angoribus
1136 580 1179 614 et
1216 588 1335 613 caeco

149 643 380 688 carperetur
427 641 523 689 igni,
570 639 669 675 vidit
713 639 847 675 subito
891 640 1162 688 intempestae
1208 638 1335 674 noctis

149 699 308 737 silentio
362 701 754 750 adpropinquantem
821 700 894 737 sibi
947 699 1150 737 hominem
1202 697 1336 736 vultus

149 760 392 811 habitusque
420 764 635 812 incogniti:
678 775 799 811 quem
827 762 979 805 videns,
1008 765 1054 798 ut
1081 763 1265 811 ignotum
1294 763 1337 797 et

149 824 414 873 inopinatum,
445 836 523 860 non
555 836 696 872 parum
728 825 903 872 expavit.
958 823 1016 860 At
1044 821 1111 859 iile
1142 821 1336 859 accedens

149 883 339 921 salutavit
358 898 463 928 eum,
482 888 525 921 et
542 886 819 934 interrogavit,
839 897 961 933 quare
978 883 1045 920 illa
1063 883 1174 927 hora,
1192 884 1337 921 ceteris

150 947 447 995 quiescentibus
493 950 536 984 et
588 945 669 983 alto
714 959 855 995 sopore
900 947 1058 995 pressis,
1103 944 1207 982 solus
1251 946 1337 994 ipse

150 1011 328 1045 moestus
352 1010 393 1044 in
416 1007 549 1057 lapide
575 1007 743 1058 pervigil
767 1007 940 1045 sederet.
996 1009 1053 1044 At
1076 1006 1143 1044 ille
1168 1007 1338 1043 vicissim

149 1070 440 1113 sciscitabatur,
474 1069 571 1118 quid
603 1069 656 1106 ad
689 1082 781 1106 eum
813 1070 1051 1118 pertineret,
1084 1072 1221 1105 utrum
1251 1069 1337 1117 ipse

149 1133 257 1168 intus
285 1144 336 1168 an
363 1130 457 1168 foris
484 1134 647 1168 noctem
674 1132 930 1181 transigeret.
986 1129 1064 1176 Qui
1091 1128 1337 1179 respondens

150 1194 230 1229 ait:
275 1191 298 1205 “
318 1192 379 1229 Ne
410 1205 476 1229 me
509 1194 697 1230 aestimes
728 1196 825 1229 tuae
856 1193 1086 1229 moestitiae
1118 1195 1162 1229 et
1191 1192 1335 1227 insom-

150 1256 319 1298 niorum,
349 1257 391 1291 et
417 1253 638 1291 forinsecae
667 1256 710 1290 et
737 1251 937 1291 solitariae
965 1253 1148 1290 sessionis
1176 1264 1338 1289 causam

151 1317 302 1353 nescire
317 1329 326 1352 z
356 1316 435 1352 scio
453 1317 559 1353 enim
575 1316 795 1352 certissime
813 1316 880 1365 qui
897 1327 952 1358 es,
970 1318 1013 1352 et
1029 1327 1152 1364 quare
1168 1325 1338 1356 moeres,

152 1382 194 1415 et
213 1390 317 1428 quae
336 1380 507 1415 ventura.
524 1377 600 1414 tibi
617 1378 659 1412 in
677 1378 858 1426 proximo
877 1374 983 1412 mala
1001 1375 1203 1413 formidas.
1257 1373 1339 1412 Sed

151 1439 273 1476 dicito
301 1437 399 1476 mihi
428 1438 526 1488 quid
553 1437 780 1476 mercedis1
809 1437 905 1475 dare
935 1436 1031 1474 velis
1061 1438 1112 1480 ei,
1140 1437 1243 1486 siqui
1272 1436 1338 1480 sit,

154 1503 221 1551 qui
241 1500 301 1538 his
321 1505 364 1538 te
383 1500 631 1537 moeroribus
652 1498 846 1542 absolvat,
864 1503 906 1536 et
926 1497 1135 1536 Redualdo
1154 1497 1338 1541 suadeat,

152 1567 198 1600 ut
212 1575 287 1600 nec
301 1563 386 1612 ipse
401 1562 475 1598 tibi
491 1561 642 1611 aliquid
656 1560 751 1597 mali
766 1560 900 1603 faciat,
917 1573 990 1597 nec
1005 1561 1084 1596 tuis
1100 1563 1142 1596 te
1157 1558 1337 1595 hostibus

151 1624 432 1675 perimendum
477 1620 654 1659 tradat.’'
709 1621 786 1668 Qui
833 1635 923 1658 cum
968 1634 1011 1658 se
1056 1622 1190 1658 omnia
1234 1633 1337 1670 quae

152 1689 302 1736 posset,
324 1685 415 1721 huic
437 1684 510 1721 tali
531 1697 602 1734 pro
624 1684 810 1721 mercede
833 1682 1017 1721 beneficii
1040 1682 1228 1719 daturum
1252 1695 1338 1720 esse

152 1747 430 1796 responderet,
455 1746 603 1783 adiecit
625 1745 715 1783 ille:
755 1744 777 1758 “
797 1744 905 1791 Quid
928 1745 960 1782 si
985 1745 1109 1782 etiam
1133 1756 1271 1793 regem
1295 1747 1338 1781 te

153 1808 335 1845 futurum
355 1809 563 1844 exstinctis
583 1806 765 1844 hostibus
784 1808 824 1843 in
845 1807 1016 1844 veritate
1035 1806 1262 1856 promittat,
1281 1806 1339 1841 ita

594 1908 605 1928 1
629 1908 683 1940 for
699 1906 827 1944 mercis,
845 1906 896 1938 Pl.

541 2028 552 2053 ³
577 2027 627 2060 Cf.
645 2027 745 2068 Verg.
762 2026 847 2059 Aen.
863 2026 911 2058 iv.
928 2027 961 2060 2.

157 2093 227 2136 274
