1473 2322
447 180 558 218 THE
595 179 926 218 VENERABLE
962 179 1109 217 BEDE

184 284 349 322 desecto
369 285 502 333 capite
523 282 691 333 perfido,
718 282 769 320 ad
798 282 891 321 fidei
920 281 1172 320 Christianae
1200 284 1369 333 gratiam

183 347 396 383 convertit.

236 405 391 444 Primus
422 411 560 444 autem
590 408 631 443 in
660 408 863 456 provincia
894 405 1154 450 Memmi-um,
1184 405 1300 444 simul
1331 411 1372 443 et

185 468 502 506 Lindisfarorum
519 482 563 505 ac
581 468 975 506 Medjterraneorum
990 467 1229 518 Anglorum‚
1243 467 1373 505 factus

185 536 249 568 est
281 533 490 580 episcopus
521 529 686 574 Diuma‚
718 535 764 567 ut
795 543 916 579 supra
947 530 1135 574 diximus,
1167 532 1234 579 qui
1267 529 1375 579 apud

186 591 511 630 Mediterraneos
541 591 695 642 Anglos
733 591 949 629 defunctus
991 604 1037 628 ac
1077 591 1258 641 sepultus
1290 596 1375 629 est:

185 654 384 693 secundus
399 653 576 698 Cellach,
591 656 659 704 qui
674 653 813 691 relicto
829 656 1083 704 episcopatus
1098 654 1224 690 officio
1239 655 1376 691 vivens

186 716 238 754 ad
267 715 462 753 Scottiam
492 716 626 760 rediit,
657 721 829 766 uterque
860 715 911 753 de
941 729 1092 766 genere
1122 714 1374 752 Scottorum:

184 781 331 816 tertius
351 777 576 822 Trumheri,
598 777 649 815 de
671 780 836 815 natione
858 777 1021 827 quidem
1044 776 1283 828 Anglorum,
1304 776 1376 815 sed

186 840 353 879 edoctus
387 846 430 878 et
462 839 670 877 ordinatus
704 852 727 876 a
759 838 923 884 Scottis,
955 841 1023 889 qui
1057 844 1146 877 erat
1178 839 1303 876 abbas
1335 841 1377 876 in

185 904 430 940 monasterio
478 901 587 952 quod
633 901 779 939 dicitur
826 900 1117 951 Ingetlingum.
1173 900 1266 952 Ipse
1313 905 1378 939 est

184 963 294 1001 locus
314 966 355 1001 in
374 977 454 1014 quo
473 966 624 1001 occisus
644 969 706 1001 est
724 976 796 1001 rex
816 962 973 1008 Osuini,
991 968 1038 1000 ut
1056 976 1176 1013 supra
1194 964 1377 1000 memini-

185 1039 287 1064 mus.
343 1025 447 1063 Nam
485 1028 627 1076 regina
666 1024 866 1063 Aeanfled
904 1027 1130 1075 propinqua
1168 1024 1286 1070 illius,
1325 1025 1377 1062 ob

186 1090 496 1138 castigationem
523 1089 632 1125 necis
660 1089 744 1124 eius
771 1089 959 1131 iniustae,
985 1085 1205 1136 postulavit
1231 1099 1255 1123 a
1279 1099 1376 1136 rege

187 1150 326 1195 Osuio‚
344 1155 390 1187 ut
407 1150 576 1187 donaret
594 1150 647 1186 ibi
664 1148 796 1186 locum
813 1151 1102 1186 monasterium
1119 1148 1377 1186 construendi

186 1211 372 1263 praefato
394 1211 473 1249 Dei
495 1210 645 1248 famulo
666 1210 928 1255 Trumherae,
951 1212 1045 1260 quia
1066 1212 1312 1261 propinquus
1335 1215 1378 1247 et

186 1277 273 1325 ipse
304 1278 392 1312 erat
420 1275 526 1323 regis
556 1274 695 1309 occisi:
738 1274 780 1309 in
809 1285 888 1322 quo
917 1271 1106 1309 videlicet
1133 1274 1377 1309 monasterio

187 1338 389 1374 orationes
423 1334 608 1372 assiduae
642 1347 714 1385 pro
749 1336 960 1384 utriusque
994 1336 1114 1384 regis,
1148 1333 1190 1371 id
1224 1338 1300 1378 est,
1334 1338 1377 1372 et

188 1401 318 1444 occisi,
355 1403 398 1437 et
434 1400 519 1435 eius
556 1399 623 1447 quj
660 1396 842 1434 occidere
877 1398 1006 1440 iussit,
1042 1395 1172 1433 salute
1209 1401 1378 1433 aeterna

188 1461 345 1499 fierent.
401 1459 517 1498 Idem
549 1465 688 1497 autem
719 1472 790 1497 rex
823 1457 951 1496 Osuiu
981 1458 1110 1495 tribus
1141 1460 1255 1494 annis
1286 1463 1378 1508 post

187 1525 426 1561 occisionem
454 1521 621 1559 Pendan
647 1524 767 1571 regis,
796 1519 1040 1558 Merciorum
1067 1521 1195 1569 genti,
1221 1532 1376 1557 necnon

189 1591 231 1623 et
254 1587 399 1623 ceteris
424 1583 659 1621 australium
683 1585 974 1633 provinciarum
998 1580 1154 1632 populis
1178 1580 1376 1631 praefuit:

189 1650 256 1698 qui
279 1649 404 1685 etiam
425 1652 593 1696 gentem
617 1644 820 1683 Pictorum
841 1646 1019 1681 maxima
1041 1656 1092 1681 ex
1112 1648 1230 1693 parte
1251 1656 1376 1694 regno

190 1709 415 1759 Anglorum
434 1709 617 1745 subiecit.

241 1771 545 1820 Quo‘tempore
575 1770 741 1807 donavit
769 1768 953 1819 praefato
984 1766 1133 1811 Peada‚
1162 1766 1241 1804 filio
1270 1769 1376 1817 regis

190 1833 371 1877 Pendan‚
416 1845 464 1870 eo
509 1832 618 1882 quod
663 1836 771 1868 esset
814 1834 1009 1879 cognatus
1053 1841 1162 1873 suus,
1206 1841 1375 1878 regnum

190 1894 424 1932 australium
439 1893 697 1936 Merciorum,
709 1894 777 1941 qui
792 1897 901 1936 sunt,
914 1896 958 1928 ut
971 1890 1123 1934 dicunt,
1135 1889 1374 1927 familiarum

191 1960 368 2007 quinque
396 1955 580 2000 millium,
607 1954 769 1992 discreti
797 1952 915 1990 fluvio
942 1951 1119 1988 Treanta
1146 1951 1197 1988 ab
1226 1950 1375 2001 aquilo-

323 2052 333 2069 1
359 2051 491 2083 Second
507 2050 637 2083 cousin.
791 2051 803 2070 ἐ
827 2048 874 2079 As
891 2045 1098 2083 Bretwalda,
1115 2055 1148 2089 p.
1166 2047 1241 2078 224.

188 2117 259 2154 454
