1473 2322
441 117 554 157 THE
590 117 920 157 VENERABLE
956 119 1104 158 BEDE

186 229 228 261 et
256 229 425 261 venturo
460 222 580 260 iudici
609 225 649 259 in
678 223 791 260 bonis
821 223 976 260 actibus
1006 226 1253 261 inveniamur
1282 237 1368 262 esse

184 278 425 327 praeparati.
480 275 593 313 Haec
619 289 737 320 nunc,
763 275 932 326 gloriose
960 276 1028 321 fili,
1052 279 1188 327 paucis
1214 277 1368 315 loeutus

184 343 286 373 sum,
310 335 357 367 ut
379 342 471 366 cum
495 328 719 366 Christiana
744 329 842 367 fides
866 332 906 366 in
929 343 1054 380 regno
1078 336 1210 368 vestro
1234 344 1368 369 excre-

184 386 300 427 verit,
317 388 453 420 nostra
470 395 629 432 quoque
647 382 754 432 apud
771 396 839 419 vos
855 382 1002 420 locutio
1019 383 1135 420 latior
1151 390 1368 427 excrescat,

185 442 228 475 et
248 442 364 474 tanto
384 436 472 486 plus
493 436 600 486 loqui
621 435 760 480 libeat,
781 442 932 486 quanto
953 450 995 474 se
1016 439 1056 473 in
1076 443 1214 475 mente
1234 443 1370 475 nostra

183 490 332 540 gaudia
382 490 433 527 de
484 491 617 540 gentis
668 494 826 528 vestrae
877 489 1059 540 perfecta
1109 493 1366 529 conversione

184 542 465 592 multiplicant.

235 596 257 609 ‘⁴
278 595 404 634 Parva
426 601 565 634 autem
587 598 731 634 exenia
752 598 967 641 transmisi,
989 609 1094 647 quae
1115 597 1226 635 vobis
1247 611 1370 648 parva

183 663 263 687 non
282 656 414 695 erunt,
431 663 522 687 cum
541 663 564 686 a
581 650 690 687 vobis
709 663 759 688 ex
777 651 887 688 beati
907 649 1016 688 Petri
1034 650 1202 700 apostoli
1220 650 1369 689 fuerint

182 704 465 742 benedictione
488 709 687 753 suscepta.
742 703 1009 753 Omnipotens
1032 706 1170 754 itaque
1194 704 1306 742 Deus
1328 707 1368 742 in

183 758 294 794 vobis
327 759 500 808 gratiam
534 770 647 794 suam
681 770 801 807 quam
836 759 983 807 coepit,
1015 757 1211 807 perficiat,
1244 764 1368 808 atque

183 812 308 848 vitam
332 816 520 854 vestram,
545 816 588 848 et
611 809 674 847 hic
697 824 769 860 per
791 810 1009 848 multorum
1034 824 1227 848 annorum
1250 814 1369 849 curri-

183 863 271 901 cula
292 864 502 908 extendat,
523 869 566 901 et
585 869 677 913 post
696 863 815 914 longa
834 869 1019 914 tempora
1037 867 1077 901 in
1098 864 1280 903 caelestis
1300 878 1368 903 vos

183 920 338 967 patriae
373 920 686 967 congregatione
721 919 900 966 recipiat.
957 917 1203 956 Incolumem
1239 918 1368 957 excel-

182 970 350 1009 lentiam
383 976 558 1008 vestram
591 973 721 1021 gratia
755 984 927 1020 superna
960 972 1174 1017 custodiat,
1208 972 1367 1011 domine

183 1024 249 1061 fili.

234 1077 256 1090 “
273 1077 382 1114 Data
396 1077 460 1115 die
475 1077 629 1115 decima
642 1077 905 1115 kalendarum
925 1077 1129 1122 Iuliarum,
1141 1082 1365 1128 imperante

183 1130 343 1168 domino
378 1136 514 1168 nostro
554 1130 748 1168 Mauricio
781 1131 939 1169 Tiberio
968 1134 1143 1181 piissimo
1181 1133 1365 1183 Augusto

183 1197 287 1222 anno
309 1184 464 1222 decimo
487 1197 605 1228 nono,
626 1190 717 1234 post
739 1184 988 1222 consulatum
1011 1186 1191 1224 eiusdem
1217 1186 1364 1224 domini

184 1251 288 1275 anno
309 1238 465 1276 decimo
486 1243 641 1282 octavo,
662 1238 879 1276 indictione
902 1238 1086 1289 quarta.”

619 1551 733 1589 CAP.
774 1552 953 1589 XXXIII

189 1629 238 1666 Ut
278 1629 507 1680 Augustinus
548 1629 734 1667 ecclesiam
777 1630 980 1668 Salvatoris
1022 1630 1291 1676 instauraverit,
1331 1637 1365 1668 et

286 1683 538 1720 monasteriam
579 1683 672 1720 beati
709 1683 810 1721 Petri
848 1684 1004 1735 apostoli
1029 1684 1168 1736 fecerit
1183 1700 1201 1728 ,·
1252 1689 1285 1722 et
1320 1684 1365 1722 de

276 1736 398 1788 primo
418 1736 496 1774 eius
518 1736 645 1773 abbate
666 1736 785 1775 Petro.

232 1815 295 1851 AT
314 1815 578 1864 Augustinus,
599 1815 666 1851 ubi
687 1817 726 1852 in
746 1817 855 1866 regia
876 1818 1038 1853 civitate
1059 1815 1196 1854 sedem
1216 1817 1364 1866 episco-

181 1867 327 1916 palem,
359 1873 405 1904 ut
435 1868 720 1917 praediximus,
751 1871 919 1918 accepit,
950 1871 1199 1918 recuperavit
1230 1871 1270 1906 in
1302 1883 1363 1914 ea,

180 1923 291 1971 regio
308 1919 432 1958 fultus
450 1921 703 1964 adminiculo,
721 1921 928 1959 ecclesiam
946 1935 1066 1972 quam
1084 1923 1178 1959 inibi
1198 1925 1362 1972 antiquo

707 2008 719 2026 ¹
742 2008 837 2046 ξένια.

183 2061 250 2096 174
