1473 2322
445 152 556 189 THE
593 152 922 190 VENERABLE
956 153 1104 191 BEDE

184 253 336 291 habens
359 267 495 291 secum
516 253 755 291 Eanfledam
777 253 913 299 filiam,
936 259 979 292 et
1002 254 1222 292 Vuscfrean
1245 254 1369 291 filium

183 308 374 352 Aeduini,
393 321 551 345 necnon
570 314 613 345 et
636 307 712 345 Yffi
736 307 861 344 filium
885 307 1035 345 Osfridi
1059 307 1127 344 filij
1151 310 1250 353 eius,
1271 321 1369 358 quos

182 367 326 410 postea
342 366 474 399 mater
490 366 605 399 metu
623 361 821 399 Eadbaldi
841 367 883 399 et
901 361 1068 399 Osualdi
1085 374 1242 411 regum,
1259 364 1370 399 misit

183 417 223 451 in
259 413 432 451 Galliam
466 415 702 453 nutriendos
736 417 823 465 regi
857 414 1143 464 Daegberecto
1178 417 1247 465 qui
1282 420 1370 453 erat

184 471 333 505 amicus
362 468 481 513 illius,
512 469 648 519 ibique
679 469 798 506 ambo
827 470 870 506 in
898 468 1070 506 infantia
1100 468 1296 513 defuncti,
1327 474 1370 507 et

182 524 297 558 iuxta
328 521 522 560 honorem
553 522 618 560 vel
649 524 770 573 regiis
801 524 950 572 pueris,
983 522 1047 560 vel
1089 523 1370 560 innocentibus

184 575 331 612 Christi
355 589 591 626 congruum,
613 578 655 613 in
683 575 852 614 ecclesia
878 574 1028 626 sepulti
1056 581 1162 613 sunt.
1216 575 1371 614 Attulit

183 643 344 680 quoque
366 643 503 668 secum
525 643 620 667 vasa
642 632 819 680 pretiosa
841 630 1018 667 Aeduini
1040 632 1145 680 regis
1168 629 1370 680 perplura,

182 686 223 720 in
258 684 402 733 quibus
437 689 480 722 et
508 696 668 721 crucem
695 696 886 734 magnam
915 697 1093 729 auream,
1128 689 1171 721 et
1204 683 1369 721 calicem

183 750 349 774 aureum
386 743 664 775 consecratum
701 737 753 775 ad
789 739 1056 775 ministerium
1085 735 1236 782 altaris,
1265 750 1368 787 quae

181 790 377 828 hactenus
395 794 436 828 in
455 790 623 829 ecclesia
640 790 810 828 Cantiae
828 796 1064 828 conservata
1080 796 1369 828 monstrantur.

233 843 323 891 Quo
336 847 377 881 in
385 851 582 894 tempore,
591 843 799 882 Hrofensis
813 844 981 882 ecclesia
992 849 1197 894 pastorem
1204 846 1369 881 minime

182 898 374 943 habebat,
388 912 435 936 eo
449 898 557 948 quod
570 898 774 935 Romanus
786 898 945 948 praesul
962 897 1065 935 illius
1079 898 1129 935 ad
1146 898 1370 935 Honorium

181 965 328 1002 papam
378 966 401 989 a
450 952 563 989 Iusto
613 951 910 1002 archiepiscopo
956 951 1177 1001 legatarius
1225 953 1369 988 missus

181 1006 393 1056 absorptus
418 1005 553 1044 fuerat
577 1005 765 1043 fluctibus
791 1005 922 1043 Italici
946 1008 1088 1043 maris:
1129 1019 1175 1043 ac
1198 1018 1272 1055 per
1295 1004 1369 1042 hoc

181 1073 317 1096 curam
348 1059 452 1097 illius
476 1059 684 1109 praefatus
708 1058 897 1096 Paulinus
929 1061 1169 1097 invitatione
1202 1059 1368 1097 Honorii

179 1115 374 1151 antistitis
394 1119 437 1151 et
454 1113 655 1151 Eadbaldi
672 1116 778 1163 regis
797 1115 975 1163 suscepit
994 1126 1040 1150 ac
1058 1115 1206 1158 tenuit,
1225 1126 1370 1163 usque-

181 1169 278 1204 dum
312 1173 355 1205 et
386 1170 473 1217 ipse
501 1180 573 1205 suo
606 1173 791 1217 tempore
821 1167 873 1204 ad
900 1167 1092 1205 caelestia
1119 1180 1246 1217 regna
1277 1180 1368 1204 cum

181 1221 340 1271 gloriosi
376 1221 511 1258 fructu
546 1220 692 1258 laboris
730 1221 923 1258 ascendit.
998 1221 1045 1258 In
1085 1234 1166 1270 qua
1202 1219 1369 1258 ecclesia

180 1277 354 1312 moriens
395 1273 562 1325 pallium
605 1288 781 1325 quoque,
823 1274 932 1325 quod
974 1288 998 1312 a
1039 1274 1220 1312 Romano
1262 1287 1368 1324 papa

181 1334 408 1378 acceperat,
426 1328 602 1379 reliquit.

231 1382 468 1432 Reliquerat
515 1388 654 1420 autem
700 1385 742 1419 in
790 1381 956 1420 ecclesia
1003 1396 1075 1420 sua
1123 1382 1368 1420 Eburacensi

182 1436 373 1473 Iacobum
401 1436 629 1481 diaconum,
657 1438 785 1473 virum
813 1439 955 1486 utique
984 1435 1298 1474 ecclesiasticum
1326 1441 1369 1473 et

180 1496 379 1535 sanctum,
421 1492 490 1540 qui
530 1489 659 1527 multo
702 1489 847 1528 exhinc
887 1496 1072 1540 tempore
1118 1492 1160 1526 in
1202 1489 1369 1527 ecclesia

180 1558 348 1582 manens
378 1557 546 1594 magnas
578 1546 745 1594 antiquo
776 1542 882 1581 hosti
912 1544 1082 1593 praedas
1113 1543 1295 1581 docendo
1326 1548 1370 1581 et

180 1598 426 1648 baptizando
471 1600 641 1647 eripuit·
697 1599 808 1635 cuius
850 1600 1012 1635 nomine
1054 1599 1162 1635 vicus
1204 1599 1246 1634 in
1288 1610 1367 1647 quo

180 1654 356 1690 maxime
385 1650 542 1689 solebat
571 1650 770 1696 habitare,
798 1653 913 1688 iuxta
941 1650 1213 1696 cataractam,
1241 1663 1368 1701 usque

182 1705 302 1743 hodie
351 1708 669 1755 cognominatur.
723 1703 803 1751 Qui
852 1707 1041 1755 quoniam
1089 1704 1280 1742 cantandi
1327 1707 1366 1741 in

183 1758 350 1797 ecclesia
389 1765 477 1797 erat
514 1760 794 1809 peritissimus,
833 1763 1073 1809 recuperata
1109 1757 1367 1809 postmodum

456 1935 468 1955 ¹
491 1934 624 1966 Second
641 1923 789 1966 cousins

455 1978 467 1997 2
489 1977 619 2017 Sailing
634 1977 723 2008 from
741 1976 916 2008 Provence
932 1979 970 2008 to
986 1975 1092 2018 Italy.

452 2020 465 2038 ³
488 2019 588 2051 After
603 2019 645 2050 he
663 2019 732 2050 had
748 2019 813 2051 left
827 2018 1091 2051 Northumbria.

183 2082 253 2127 318
