1473 2322
456 156 568 195 THE
606 156 938 195 VENERABLE
975 156 1124 195 BEDE

197 264 364 307 invenit,
406 274 669 312 reversusque
712 262 826 299 nobis
870 266 1031 299 nostrae
1074 259 1280 299 Historiae
1322 264 1379 298 in-

196 323 400 368 serendas,
421 336 513 361 eum
534 322 696 361 consilio
717 321 891 373 praefati
913 323 1049 360 Albini
1070 324 1379 360 reverentissimi

196 387 321 435 patris
352 384 512 422 adtulit.
566 386 604 422 A
633 387 827 435 principio
856 387 996 435 itaque
1026 383 1235 422 voluminis
1264 383 1381 421 huius

198 459 324 497 usque
349 446 401 484 ad
424 452 586 497 tempus
611 459 691 497 quo
714 459 814 498 gens
840 446 1064 497 Anglorum
1088 445 1211 483 fidem
1235 444 1381 483 Christi

196 511 392 559 percepit,
434 521 484 546 ex
525 510 702 559 priorum
741 510 918 546 maxime
959 510 1115 559 scriptis
1156 507 1249 545 hinc
1288 507 1382 546 inde

197 570 372 608 collectis
412 583 461 608 ea
499 583 604 621 quae
642 583 916 620 promeremus
945 563 1167 608 didicimus.
1225 569 1383 607 Exinde

197 638 337 670 autem
354 645 481 683 usque
500 632 552 670 ad
570 638 755 682 tempora
772 634 1016 682 praesentia,
1035 644 1139 683 quae
1157 633 1199 669 in
1218 631 1383 669 ecclesia

198 694 505 732 Cantuariorum
539 707 611 744 per
645 693 857 744 discipulos
891 694 1002 731 beati
1035 706 1166 744 papae
1201 693 1383 744 Gregorii

197 758 280 794 sive
300 768 547 796 successores
569 768 721 801 eorum,
742 755 808 793 vel
824 756 899 793 sub
920 756 1064 806 quibus
1085 756 1246 806 regibus
1266 760 1382 806 gesta

196 820 291 863 sint,
323 820 538 867 memorati
571 818 729 855 abbatis
763 817 900 855 Albini
927 815 1125 870 industria
1153 815 1384 862 Nothelmo‚

198 885 245 917 ut
292 880 479 925 diximus,
526 878 759 930 perferente
807 876 1113 930 cognovimuS.f''
1132 878 1211 926 Qui
1260 881 1383 916 etiam

198 943 423 991 provinciae
477 941 746 979 Orientalium
798 940 915 978 simul
968 946 1011 979 et
1063 939 1384 978 Occidentalium

198 1002 402 1040 Saxonum
429 1016 505 1040 nec
532 1016 613 1041 non
641 1008 685 1041 et
712 1002 981 1041 Orientalium
1009 1002 1233 1053 Anglorum
1260 1007 1385 1053 atque

198 1064 638 1115 Nor-danhymbrorum‚
657 1077 682 1102 a
701 1065 845 1115 quibus
869 1064 1118 1114 praesulibus
1135 1063 1201 1106 vel
1213 1077 1384 1115 quorum

197 1132 382 1175 tempore
407 1139 549 1178 regum
573 1128 747 1177 gratiam
772 1125 971 1177 evangelii
994 1128 1264 1176 perceperint,
1288 1139 1385 1163 non-

197 1188 308 1225 nulla
332 1187 430 1225 mihi
456 1201 507 1226 ex
533 1194 649 1238 parte
675 1188 951 1238 prodiderunt.
1006 1179 1196 1238 Denique
1221 1177 1385 1225 hortatu

198 1252 413 1300 praecipue
432 1252 555 1300 ipsius
574 1249 711 1287 Albini
730 1255 777 1288 ut
795 1249 869 1287 hoc
888 1263 987 1300 opus
1007 1249 1174 1301 adgredi
1193 1249 1385 1287 auderem

198 1317 436 1361 provocatus
473 1325 574 1349 sum.
628 1310 710 1349 Sed
747 1317 790 1349 et
828 1310 1003 1348 Danihel
1039 1313 1385 1349 reverentissimus

199 1366 521 1411 Occidentalium
550 1373 755 1411 Saxonum
785 1375 994 1423 episcopus
1024 1375 1093 1424 qui
1123 1386 1228 1410 nunc
1257 1385 1385 1423 usque

199 1441 397 1485 superest,
440 1435 632 1473 nonnulla
673 1435 771 1472 mihi
814 1435 866 1473 de
909 1434 1075 1472 historia
1117 1434 1387 1472 ecclesiastica

198 1499 425 1547 provinciae
456 1500 580 1547 ipsius
611 1497 729 1534 simul
761 1502 805 1534 et
835 1499 1019 1547 proxima
1048 1496 1104 1533 illi
1136 1496 1385 1534 Australium

198 1559 402 1596 Saxonum
423 1571 498 1597 nec
518 1572 598 1596 non
620 1564 664 1597 et
684 1558 837 1596 Vectae
858 1557 1025 1603 insulae,
1046 1558 1172 1596 literis
1192 1558 1386 1596 mandata

198 1620 429 1658 declaravit.
483 1620 669 1668 Qualiter
707 1633 802 1658 vero
842 1633 916 1670 per
954 1622 1220 1658 ministerium
1259 1619 1385 1658 Ceddi

200 1688 242 1720 et
287 1682 452 1720 Ceadda
495 1682 771 1733 religiosorum
817 1681 964 1720 Christi
1008 1681 1278 1727 sacerdotum,
1322 1681 1386 1719 vel

199 1746 399 1794 provincia
441 1743 686 1782 Mereiorum
721 1743 774 1781 ad
809 1743 930 1781 fidem
966 1742 1114 1781 Christi
1149 1756 1271 1794 quam
1306 1756 1386 1781 non

200 1811 382 1851 noverat,
397 1834 413 1852 [s
434 1808 680 1856 pervenerit,
733 1804 797 1842 vel
861 1807 1063 1855 provincia
1116 1803 1385 1843 Orientalium

199 1866 404 1905 Saxonum
431 1867 554 1905 fidem
582 1880 703 1918 quam
731 1866 825 1904 olim
854 1866 1149 1911 exsufflaverat,
1175 1878 1386 1916 recupera-

385 1992 399 2010 1
422 1990 575 2033 Gregory
591 1991 866 2071 LttlgiGIrrfiaigl,
882 2033 937 2065 23·
992 1989 1006 2010 ¹
1029 1989 1081 2022 cf.
1096 1989 1138 2022 V.
1155 1990 1207 2022 18.
