1473 2322
404 140 514 177 THE
550 140 881 179 VENERABLE
916 142 1065 180 BEDE

145 244 201 281 ibi
247 242 379 281 adhuc
428 242 621 282 ecclesiae
671 246 888 282 crementis
938 245 1185 284 detrimento
1235 245 1326 283 fuit.

144 295 351 347 Siquidem
368 309 448 333 non
465 295 595 334 solum
613 296 734 335 fidem
753 296 899 336 Christi
928 300 1107 348 recipere
1131 297 1330 344 noluerat,

145 350 217 388 sed
234 354 276 387 et
293 349 558 388 fornicatione
575 349 753 400 pollutus
770 355 833 389 est
850 350 937 395 tali,
954 350 1115 401 qualem
1133 365 1207 390 nec
1224 355 1331 390 inter

144 407 289 454 gentes
322 403 505 440 auditam
537 403 743 452 apostolus
776 408 967 448 testatur,
999 407 1057 442 ita
1085 409 1131 442 ut
1162 419 1330 444 uxorem

144 458 271 506 patris
308 455 493 494 haberet.
547 456 639 504 Quo
676 461 850 508 utroque
887 457 1039 496 scelere
1077 460 1328 497 occasionem

145 509 260 548 dedit
286 510 338 547 ad
363 512 537 560 priorem
563 512 758 548 vomitum
795 511 1040 556 revertendi,
1065 510 1126 550 his
1151 513 1220 562 qui
1255 512 1330 550 sub

145 565 315 613 imperio
347 566 407 601 sui
440 566 634 613 parentis,
667 563 730 602 vel
762 564 898 603 favore
931 564 994 603 vel
1026 566 1171 603 timore
1203 567 1330 615 regio,

146 617 239 655 fidei
259 621 302 655 et
318 619 580 655 castimoniae
598 619 684 655 iura
701 622 975 668 susceperant.
1030 617 1115 656 Nec
1131 631 1330 668 supernae

144 669 305 720 flagella
353 670 613 709 districtionis
661 670 816 721 perfido
865 674 951 721 regi
1001 672 1236 722 castigando
1287 676 1330 710 et

145 724 380 774 corrigendo
417 723 608 762 defuere:
659 737 753 761 nam
790 725 931 762 crebra
966 727 1115 763 mentis
1153 727 1329 770 vesania,

146 781 188 814 et
206 779 370 827 spiritus
390 777 585 815 immundi
605 779 809 815 invasione
830 778 1105 827 premebatur.

195 831 323 867 Auxit
363 834 501 868 autem
540 830 757 880 procellam
795 830 961 869 huiusce
999 831 1330 880 perturbationis,

145 886 268 921 etiam
286 897 392 921 mors
410 882 593 921 Sabercti
611 886 717 934 regis
737 883 1006 922 Orientalium
1024 883 1242 929 Saxonum,
1261 886 1330 934 qui

144 938 211 974 ubi
250 950 377 988 regna
416 939 611 986 perennia
649 941 809 986 petens,
848 941 931 975 tres
971 950 1062 975 suos
1103 937 1217 982 filios,
1257 939 1329 987 qui

143 993 290 1040 pagani
337 991 671 1040 perduraverant,
717 992 831 1041 regni
878 989 1112 1040 temporalis
1158 989 1329 1029 heredes

143 1043 320 1094 reliquit,
343 1048 566 1093 coeperunt
589 1043 644 1080 illi
667 1057 760 1081 mox
784 1042 1010 1088 idolatriae,
1033 1056 1156 1094 quam
1178 1045 1328 1082 viventi

143 1111 191 1134 eo
239 1096 535 1147 aliquantulum
582 1098 845 1135 intermisisse
893 1097 1148 1142 videbantur,
1194 1096 1329 1147 palam

141 1153 306 1195 servire,
338 1151 611 1201 subiectisque
645 1150 801 1200 populis
834 1149 941 1188 idola
972 1149 1128 1188 colendi
1160 1149 1328 1188 liberam

142 1204 239 1242 dare
266 1203 486 1242 licentiam.
540 1204 724 1254 Cumque
753 1203 938 1242 viderent
965 1204 1198 1253 pontificem
1224 1203 1329 1242 cele-

142 1258 267 1295 bratis
293 1259 334 1294 in
360 1256 529 1295 ecclesia
552 1259 762 1295 missarum
787 1256 1020 1301 sollemniis,
1045 1256 1328 1295 eucharistiam

142 1310 291 1360 populo
328 1310 441 1355 dare,
479 1310 684 1355 dicebant,
721 1314 768 1348 ut
804 1309 924 1361 vulgo
961 1310 1105 1355 fertur,
1143 1311 1195 1348 ad
1233 1323 1326 1348 eum

143 1364 314 1402 barbara
356 1363 486 1401 inflati
527 1363 726 1402 stultitia:
784 1362 962 1410 “Quare
1005 1377 1085 1401 non
1128 1367 1171 1401 et
1213 1364 1327 1401 nobis

142 1419 310 1468 porrigis
328 1430 476 1467 panem
494 1417 682 1461 nitidum,
700 1430 822 1467 quem
840 1421 883 1455 et
900 1419 1005 1466 patri
1023 1420 1160 1454 nostro
1177 1415 1326 1461 Saba‚”

141 1474 197 1509 sic
225 1484 401 1521 namque
427 1483 522 1508 eum
549 1470 755 1521 appellare
792 1474 1049 1514 consuerant,
1075 1469 1099 1483 “
1117 1470 1257 1514 dabas,
1283 1474 1327 1508 et

142 1523 288 1574 populo
303 1524 433 1562 adhuc
448 1525 544 1562 dare
559 1527 599 1561 in
614 1523 782 1562 ecclesia
796 1537 875 1561 non
890 1523 1077 1562 desistis?
1096 1521 1119 1535 ’'
1171 1522 1326 1570 Quibus

141 1578 207 1616 ille
230 1578 526 1627 respondebat:
562 1577 585 1591 “
604 1576 644 1614 Si
668 1577 786 1615 vultis
809 1576 916 1614 ablui
938 1576 1052 1614 fonte
1073 1576 1140 1613 illo
1161 1576 1325 1614 salutari

141 1645 220 1682 quo
247 1636 367 1681 pater
394 1635 530 1669 vester
557 1630 719 1669 ablutus
750 1635 827 1675 est,
855 1632 1027 1680 potestis
1058 1632 1182 1667 etiam
1211 1632 1324 1680 panis

183 1796 196 1817 ²
220 1795 430 1828 Ethelbert’s
447 1795 573 1827 second
593 1795 679 1827 wife.
725 1795 776 1827 Cf.
796 1796 809 1826 1
829 1795 903 1827 Cor.
920 1803 954 1826 v.
974 1795 1002 1826 1.
1104 1793 1118 1813 ¹
1140 1792 1299 1825 Mellitus.

181 1840 194 1859 ³
217 1840 322 1880 Early
345 1840 441 1871 fonts
461 1849 548 1871 were
569 1838 606 1871 of
628 1838 687 1870 the
709 1843 832 1870 nature
853 1837 890 1869 of
911 1836 1025 1873 tanks,
1047 1835 1144 1868 often
1166 1836 1321 1877 supplied

139 1882 184 1923 by
203 1893 224 1914 a
245 1884 362 1924 spring
379 1881 498 1923 (fons),
515 1881 583 1914 and
604 1881 709 1913 hence
724 1881 803 1913 font
822 1890 918 1911 came
938 1882 976 1912 to
997 1879 1037 1910 be
1053 1879 1112 1911 the
1133 1879 1323 1920 prevailing

137 1935 247 1957 name.
294 1925 386 1957 Bede
402 1935 478 1957 uses
492 1925 660 1956 lavacrum
676 1923 790 1963 (bath)
805 1933 844 1954 as
858 1923 930 1954 well
947 1932 986 1953 as
995 1921 1085 1963 som.
1123 1921 1194 1953 The
1211 1922 1322 1953 raised

137 1967 225 2000 form
241 1967 277 1999 of
297 1968 375 2000 font
389 1978 459 1999 was
477 1966 680 1999 introduced
695 1965 792 1998 when
813 1965 927 1997 infant
942 1964 1094 2006 baptism
1109 1963 1247 1997 became
1262 1963 1321 1996 the

138 2011 220 2048 mle,
236 2011 307 2043 and
321 2010 494 2052 aspersion
509 2010 593 2043 took
608 2010 667 2041 the
682 2009 780 2051 place
795 2009 830 2041 of
845 2008 1053 2040 immersion.

139 2073 209 2109 228
