1473 2322
270 304 334 326 (AR

301 520 347 551 II.

283 707 347 738 III.

289 894 347 925 IV.

268 1165 347 1195 VII.

251 1360 348 1391 VIII.

285 1555 349 1586 IX.

285 1817 348 1848 XI.

266 1969 349 2000 XII.

325 996 346 1026 ⁷.
372 996 423 1027 De
444 997 517 1026 vita
537 995 670 1026 Acdani
688 995 838 1035 episcopi
859 993 1040 1033 [635—651]

289 1055 347 1086 VI.

469 122 760 160 ELENCHUS
798 120 1051 159 CAPITUM

682 256 826 288 LIBER
858 255 914 287 III

339 358 345 364 .
371 333 419 364 Ut
446 334 544 374 primi
568 342 777 363 successores
801 331 947 362 Aeduini
970 331 1057 371 regis
1081 333 1117 361 et
1140 330 1243 361 fidem

415 387 496 406 suae
520 376 631 416 gentis
656 374 892 415 prodiderunt,
916 377 953 404 et
976 384 1118 414 regnum
1143 384 1242 413 porro

416 418 586 449 Osualdus
620 417 929 448 Christianissimus
962 426 1023 447 rex
1059 420 1242 456 utrumque

415 462 623 492 restauravit
639 460 819 500 [633-534]

372 519 421 550 Ut
440 520 481 550 de
499 520 590 560 ligno
608 520 716 550 crucis
734 518 828 558 quod
844 518 936 549 idem
952 528 1012 548 rex
1029 520 1151 548 contra
1168 517 1242 547 bar·

416 563 515 593 baras
537 565 750 602 pugnaturus
770 563 937 593 erexerat,
957 561 1047 591 inter
1065 561 1244 591 innumera

415 607 606 636 sanitatum
645 604 819 639 miracula,
858 603 999 643 quidam
1038 613 1058 633 a
1096 603 1243 634 dolentis

416 648 545 679 brachii
565 649 609 678 sit
629 647 791 687 languore
810 650 950 676 curatus
1012 670 1019 677 .

372 706 422 738 Ut
446 707 537 737 idem
563 717 622 737 rex
649 705 826 746 postulans
852 705 894 735 de
919 708 1020 745 gente
1046 704 1243 735 Scottorum

416 751 609 780 antistitem
625 749 795 788 acceperit
809 747 1001 783 Aedanum,
1016 747 1194 786 eidemque
1209 748 1244 777 in

416 793 527 823 insula
567 791 834 822 Lindisfarnensi
873 790 988 820 sedem
1027 791 1244 830 episcopatus

417 835 598 866 donaverit
614 835 706 873 [635]
1013 857 1019 863 .
1122 857 1128 863 .

373 893 518 976 Quendp
529 903 610 934 gens
623 894 798 924 Pictorum
809 891 911 922 fidem
923 891 1049 922 Christi
1059 892 1247 932 perceperit

431 938 495 968 565
575 960 583 967 .
685 960 692 967 .
795 959 802 966 .
904 959 911 965 .
1123 958 1129 964 .

373 1055 601 1137 nggilgffiqff
619 1064 658 1084 ac
677 1054 808 1094 pietate
826 1052 982 1083 miranda
1002 1051 1143 1083 Osualdi
1160 1052 1246 1092 regis

372 1165 420 1196 L‘t
434 1164 609 1204 provincia
623 1162 894 1193 Occiclentalium
913 1161 1087 1192 Saxonum
1102 1161 1244 1192 verbum

419 1207 493 1242 Dei,
517 1207 735 1247 praedicante
758 1205 886 1239 Birino,
908 1205 1112 1244 susceperit;
1146 1207 1181 1234 et
1203 1204 1244 1234 de

417 1249 666 1279 successoribus
689 1249 761 1278 eius
784 1247 980 1288 Agilberc‘co
1003 1250 1039 1277 et
1062 1246 1245 1277 Leuthcrio

418 1292 598 1331 [635-6701,

373 1358 422 1390 [t
468 1369 525 1389 rex
569 1358 833 1389 cantuariorum
879 1355 1111 1387 Earconberct
1153 1355 1245 1386 idola

417 1402 546 1432 destrui
563 1401 789 1441 praeceperit:
817 1402 853 1430 et
868 1399 910 1429 de
924 1398 994 1430 filia
1008 1400 1079 1429 eius
1096 1398 1244 1429 Earcon-

417 1448 509 1485 gom,
521 1448 554 1474 et
569 1444 761 1484 propinqua
772 1442 1005 1482 Aedilbergae,
1017 1442 1160 1472 sacra-tis
1172 1441 1244 1471 Deo

418 1486 605 1528 virginibus
622 1487 714 1525 [640]

373 1554 423 1586 Ut
434 1555 468 1585 in
481 1554 556 1585 loco
568 1555 603 1584 in
615 1563 683 1593 quo
697 1554 826 1583 occisus
838 1554 889 1583 est-
901 1562 961 1582 rex
975 1551 1114 1585 osuald,
1127 1551 1245 1582 crebra

417 1598 607 1628 sanitatum
625 1595 788 1627 miracula
806 1595 917 1630 factm
947 1597 1054 1634 utque
1071 1594 1118 1625 ibi
1136 1595 1245 1634 primo

417 1641 609 1671 iumentum
622 1638 799 1670 cuiusdam
808 1638 947 1673 viantis,
956 1647 995 1668 ac
1005 1636 1127 1667 deinde
1136 1636 1248 1677 puella

418 1683 607 1724 paralytica
625 1682 669 1713 sit
686 1684 805 1712 curata
823 1680 916 1719 [642]

372 1749 422 1781 Ut
440 1749 553 1790 pulvis
570 1748 635 1779 loci
651 1748 741 1779 illius
759 1751 880 1778 contra
897 1747 1010 1787 ignem
1028 1747 1175 1777 valuerit
1231 1770 1238 1777 .

372 1816 422 1848 Ut
436 1826 537 1856 super
550 1815 709 1855 reliquias
728 1814 799 1845 eius
813 1814 872 1845 lux
886 1813 1041 1845 coelestis
1054 1815 1131 1843 tota
1144 1815 1245 1843 nocte

417 1860 571 1894 stete1·it;
616 1861 651 1888 et
683 1860 723 1888 ut
754 1867 814 1898 per
844 1866 901 1887 eas
933 1857 1002 1887 sint
1034 1855 1244 1886 daemoniaci

418 1902 529 1932 curati
577 1925 585 1932 .

373 1968 423 1999 Ut
435 1968 479 1999 ad
491 1967 648 1998 tumbam
660 1968 732 1998 eius
743 1967 788 1997 sit
800 1965 961 2007 puerulus
972 1975 992 1996 a
1003 1964 1096 1995 febre
1107 1966 1246 1994 curatus

1276 301 1351 321 PAGE

1229 482 1237 490 .
1289 458 1352 489 324

1231 857 1237 863 .
1290 833 1352 863 334

1232 958 1238 964 .
1290 935 1353 965 338

1231 1017 1238 1023 .
1290 993 1353 1023 344

1233 1119 1240 1125 .
1290 1094 1354 1125 350

1231 1314 1239 1321 .
1290 1290 1353 1320 354

1232 1508 1239 1514 .
1290 1485 1354 1515 360

1232 1703 1239 1709 .
1291 1679 1354 1709 368

1232 1921 1239 1928 .
1290 1898 1354 1929 376

1290 1963 1354 1994 382
