1473 2322
452 121 562 158 THE
600 119 930 157 VENERABLE
966 118 1114 157 BEDE

191 228 318 263 omnis
336 224 453 274 culpa
471 223 652 262 funditus
671 226 957 274 exstinguitur,
975 222 1091 261 valde
1110 222 1281 260 stultum
1300 227 1376 267 est,

192 286 223 320 si
243 284 392 321 donum
411 285 568 333 gratiae
588 281 863 319 contradicere
883 294 1000 331 posse
1020 281 1218 318 videatur.

242 342 265 355 ‘⁶
284 342 386 379 Cum
418 355 511 379 vero
544 343 662 379 enixa
693 340 817 378 fuerit
847 340 1004 385 mulier,
1036 345 1128 390 post
1160 345 1260 391 quot
1291 339 1376 377 dies

192 402 342 438 debeat
356 400 566 438 ecclesiam
579 402 745 444 intrare,
758 399 1012 437 Testamenti
1026 401 1174 436 veteris
1187 410 1378 448 praecep-

191 462 301 497 tione
322 459 510 504 didicisti,
530 463 577 495 ut
596 471 668 508 pro
688 457 865 494 masculo
885 457 1027 495 diebus
1048 459 1217 507 triginta
1235 456 1377 500 tribus,

191 532 263 568 pro
303 517 455 556 femina
497 523 635 555 autem
677 517 819 554 diebus
860 519 1075 567 sexaginta
1115 529 1185 554 sex
1228 515 1379 553 debeat

192 578 408 615 abstinere.
463 576 583 624 Quod
632 582 772 614 tamen
822 576 1030 614 sciendum
1080 581 1144 613 est
1194 577 1288 625 quia
1336 577 1378 611 in

191 638 384 687 mysterio
398 638 603 686 accipitur.
653 634 758 672 Nam
771 637 802 672 si
815 633 913 672 hora
926 635 1070 672 eadem
1083 647 1163 685 qua
1175 635 1378 684 genuerit,

191 700 332 733 actura
347 697 498 746 gratias
516 697 643 731 intrat
660 693 883 738 ecclesiam,
900 693 1009 730 nullo
1026 696 1182 743 peccati
1199 692 1378 743 pondere

190 759 403 805 gravatur:
436 752 621 802 voluptas
641 755 794 790 etenim
812 754 955 796 carnis,
974 764 1055 788 non
1073 751 1185 789 dolor
1202 753 1243 787 in
1262 750 1379 800 culpa

192 818 267 850 est.
322 812 370 849 In
406 814 534 849 carnis
572 817 711 849 autem
748 813 1035 848 commixtione
1071 810 1257 860 voluptas
1294 815 1378 847 est:

190 884 285 908 nam
322 873 363 908 in
400 870 521 920 prolis
558 869 783 920 prolatione
820 871 1009 920 gemitus.
1066 868 1186 906 Unde
1225 874 1268 906 et
1303 870 1378 918 ipsi

191 933 344 980 primae
364 931 484 966 matri
506 931 699 973 omnium,
719 928 879 973 dicitur,
901 927 908 940 ‘
929 927 977 964 In
998 927 1199 965 doloribus
1218 926 1377 977 paries.'

192 988 232 1025 Si
264 991 405 1039 itaque
439 990 602 1026 enixam
634 987 845 1025 mulierem
877 986 1136 1037 prohibemus
1170 986 1379 1023 ecclesiam

191 1051 356 1093 intrare,
389 1050 519 1098 ipsam
554 1049 592 1085 ei
625 1059 800 1097 poenam
834 1059 949 1084 suam
982 1049 1023 1083 in
1059 1045 1218 1095 culpam
1253 1045 1379 1095 depu-

192 1113 338 1145 tamus.

247 1171 271 1188 “
285 1165 500 1217 Baptizare
524 1171 663 1203 autem
688 1165 752 1203 vel
776 1168 937 1202 enixam
961 1165 1188 1209 mulierem,
1212 1163 1276 1202 vel
1303 1163 1379 1201 hoc

193 1224 301 1276 quod
346 1227 549 1276 genuerit,
598 1226 630 1260 si
677 1226 818 1260 mortis
864 1222 1042 1273 periculo
1090 1228 1272 1273 urgetur,
1316 1221 1380 1260 vel

192 1287 319 1333 ipsam
338 1282 437 1320 hora
456 1283 600 1321 eadem
619 1296 700 1333 qua
717 1284 864 1333 gignit,
883 1281 947 1320 vel
965 1281 1040 1319 hoc
1059 1282 1168 1331 quod
1184 1283 1379 1332 gignitum

193 1343 337 1381 eadem
358 1355 438 1393 qua
458 1348 601 1380 natum
623 1347 700 1386 est,
720 1342 830 1379 nullo
849 1341 970 1378 modo
990 1340 1249 1391 prohibetur:
1286 1343 1380 1391 quia

192 1405 320 1440 saneti
354 1404 538 1452 mysterii
573 1404 705 1451 gratia
740 1404 844 1438 sicut
878 1401 1106 1438 viventibus
1141 1405 1267 1449 atque
1302 1399 1380 1437 dis-

192 1461 449 1498 cernentibus
474 1473 565 1497 cum
590 1473 738 1510 magna
763 1459 1004 1497 discretione
1028 1458 1278 1509 providenda
1302 1463 1378 1502 est,

193 1522 250 1557 ita
271 1518 332 1557 his
355 1520 500 1570 quibus
523 1532 628 1556 mors
651 1521 836 1563 inminet,
860 1521 945 1556 sine
969 1518 1049 1555 ulla
1073 1517 1266 1556 dilatione
1288 1529 1378 1567 pro-

194 1577 381 1622 ferenda3
431 1592 482 1616 ne
518 1578 615 1616 dum
651 1577 781 1614 adhuc
815 1584 977 1626 tempus
1013 1576 1065 1614 ad
1099 1575 1375 1626 praebendum

192 1637 480 1686 redemptionis
526 1639 765 1686 mysterium
813 1638 1034 1686 quaeritur,
1080 1637 1378 1672 interveniente

193 1696 399 1747 paululum
421 1709 533 1732 mora
554 1698 720 1732 inveniri
745 1708 824 1731 non
846 1694 980 1732 valeat
1002 1695 1071 1745 qui
1092 1693 1325 1731 redimatur.

244 1754 266 1767 “
285 1755 351 1792 Ad
374 1756 458 1792 eius
483 1767 575 1791 vero
598 1754 856 1790 concubitum
880 1755 937 1789 vir
959 1765 1053 1790 suus
1078 1752 1270 1790 accedere
1299 1764 1378 1788 non

193 1814 331 1858 debet,
357 1813 619 1864 quoadusque
645 1814 712 1862 qui
738 1814 932 1863 gignitur,
958 1811 1196 1848 ablactatur.
1251 1808 1379 1846 Prava

193 1878 331 1910 autem
368 1875 409 1909 in
447 1873 753 1922 coniugatorum
795 1871 971 1908 moribus
1009 1869 1258 1907 consuetudo
1295 1881 1379 1906 sur-

336 1986 345 2003 ¹
372 1985 452 2016 Lev.
476 1986 525 2015 12.
544 1986 576 2017 4.
595 1986 625 2019 5,
1002 1982 1014 2003 ²
1038 1981 1121 2014 Gen.
1142 1982 1172 2013 3.
1194 1982 1245 2012 16.

202 2049 269 2084 134
