1473 2322
408 151 519 188 THE
556 149 886 187 VENERABLE
922 149 1069 187 BEDE

142 254 303 291 flatibus
342 256 452 291 navis
489 258 583 291 tuta
618 252 793 291 volabat.
846 253 950 290 Tum
988 253 1121 290 subito
1160 253 1328 290 occurrit

141 330 405 380 pergentibus
451 330 611 365 inimica
656 330 715 365 vis
763 328 1019 372 daemonum,
1070 330 1137 378 qui
1190 332 1327 364 tantos

143 404 327 453 talesque
353 405 454 440 viros
480 403 531 440 ad
554 403 872 453 recuperandam
896 403 1066 440 tendere
1091 401 1329 452 populorum

143 479 315 516 salutem
362 479 611 516 inviderent:
667 481 872 515 concitam:
917 477 1125 527 procellas,
1172 476 1327 514 caelum

144 556 333 604 diemque
350 555 516 591 nubium
533 559 651 591 nocte
669 553 920 597 subducunt3
950 558 1163 591 ventorum
1179 551 1331 590 furores

144 630 232 668 vela
283 643 362 666 non
413 632 637 673 sustinent3
702 629 905 666 cedebant
954 629 1177 666 ministeria
1227 629 1331 666 victa

145 712 360 743 nautarum
374 717 382 749 3
413 704 620 742 ferebatur
635 707 839 753 navigium
856 706 1051 748 oratione,
1068 717 1147 741 non
1163 704 1310 741 viribus
1325 716 1332 739 :

147 787 190 820 et
213 795 306 818 casu
333 781 413 817 dux
438 783 523 830 ipse
551 780 613 818 vel
636 779 821 830 pontifex
846 779 997 816 fractus
1022 792 1200 829 corpore,
1224 778 1334 816 lassi-

146 857 287 894 tudine
326 869 370 893 ac
407 869 547 906 sopore
585 854 783 893 resolutus
821 861 895 892 est.
950 854 1053 891 Tum
1090 867 1183 892 vero
1221 856 1332 904 quasi

146 938 418 983 repugnatore
443 936 641 976 cessante,
666 936 890 981 tempestas
916 932 1094 968 excitata
1119 929 1334 974 convaluit,

148 1015 190 1046 et
226 1011 305 1045 iam
341 1009 546 1058 navigium
582 1005 801 1057 superfusis
838 1005 1025 1043 fluctibus
1060 1005 1333 1057 mergebatur.

146 1085 249 1121 Tum
299 1085 444 1121 beatus
494 1082 632 1132 Lupus
682 1095 902 1132 omnesque
951 1082 1105 1119 turbati
1155 1083 1336 1119 excitant

148 1163 345 1197 seniorem
386 1158 597 1196 elementis
638 1156 864 1195 furentibus
906 1156 1214 1207 opponendum3
1267 1158 1335 1207 qui

147 1234 312 1286 periculi
335 1236 576 1271 inmanitate
600 1235 847 1270 constantior
871 1231 1074 1270 Christum
1096 1234 1270 1277 invocat,
1294 1237 1336 1270 et

149 1311 363 1360 adsumpto
396 1313 436 1346 in
470 1311 632 1347 nomine
665 1314 830 1346 sanctae
863 1308 1072 1345 Trinitatis
1100 1307 1178 1346 levi
1207 1319 1337 1358 aquae

148 1388 335 1437 spargine
363 1384 508 1422 fluctus
537 1385 763 1422 saevientes
793 1385 997 1434 opprimit,
1017 1382 1213 1434 collegam
1231 1395 1338 1420 com-

149 1466 302 1505 monet,
322 1460 507 1498 hortatur
527 1461 745 1504 universos,
765 1460 893 1495 oratio
914 1471 993 1496 uno
1012 1470 1081 1496 ore
1102 1463 1146 1496 et
1164 1457 1336 1496 clamore

148 1535 426 1587 profunditur:
464 1535 580 1572 adest
603 1534 804 1578 divinitas,
827 1532 1022 1584 fugantur
1043 1534 1206 1577 inimici,
1228 1538 1337 1571 tran-

150 1611 324 1663 quillitas
361 1623 503 1648 serena
538 1610 810 1660 subsequitur,
847 1610 958 1646 venti
994 1622 1016 1646 e
1052 1610 1250 1646 contrario
1287 1608 1337 1645 ad

149 1689 303 1725 itineris
346 1687 568 1723 ministeria
610 1689 883 1728 revertuntur,
927 1684 1184 1733 decursisque
1227 1684 1337 1721 brevi

150 1764 289 1814 spatiis
318 1761 466 1812 pelagi,
495 1762 626 1811 optati
655 1759 801 1797 littoris
831 1761 969 1809 quiete
998 1760 1220 1809 potiuntur.
1275 1757 1337 1795 Ibi

150 1840 390 1876 conveniens
425 1850 476 1875 ex
510 1836 674 1874 diversis
708 1834 890 1885 partibus
923 1832 1142 1871 multitudo
1176 1835 1338 1882 excepit

151 1913 394 1958 sacerdotes,
421 1924 519 1962 quos
546 1916 735 1949 venturos
762 1911 887 1948 etiam
913 1910 1144 1946 vaticinatio
1171 1907 1337 1945 adversa

152 1989 420 2039 praedixerat.
476 1986 731 2023 Nuntiabant
752 1986 858 2023 em'm
879 1985 1026 2022 sinistri
1047 1984 1208 2033 spiritus
1230 1983 1336 2033 quod

157 2079 203 2123 78
