1473 2322
445 154 557 194 THE
591 154 922 193 VENERABLE
956 154 1103 194 BEDE

181 257 349 297 ducibus
365 272 387 296 a
403 259 546 310 quibus
563 263 654 297 acta
669 264 732 297 est
745 272 941 309 paganus,
957 257 1060 297 alter
1073 260 1161 310 quis
1174 259 1367 297 barbarus

183 327 270 357 erat
299 334 458 371 pagano
495 323 661 358 saevior.
716 320 923 371 Siquidem
952 320 1091 358 Penda
1129 334 1221 358 cum
1260 322 1368 359 omni

184 381 427 419 Merciorum
457 387 582 432 gente
611 381 726 419 idolis
756 382 933 427 deditus,
963 388 1006 420 et
1035 381 1251 420 Christiani
1281 387 1370 420 erat

181 446 350 481 nominis
370 446 556 494 ignarus:
591 449 635 481 at
654 457 747 481 vero
769 443 1001 489 Caedualla,
1022 446 1202 494 quamvis
1222 458 1369 482 nomen

183 511 226 542 et
245 505 534 554 professionem
554 505 725 543 haberet
751 505 981 550 Christiani,
1001 506 1103 543 adeo
1123 511 1262 544 tamen
1282 510 1371 544 erat

182 569 314 604 animo
351 580 397 604 ac
431 567 608 604 moribus
643 567 852 611 barbarus,
887 572 935 604 ut
969 580 1021 605 ne
1056 570 1171 605 sexui
1206 568 1370 618 quidem

181 627 381 673 muliebri,
391 628 454 666 vel
461 631 657 665 innocuae
666 628 922 678 parvulorum
931 634 1118 679 parceret
1125 631 1266 674 aetati,
1273 631 1371 680 quin

182 693 385 728 universos
402 693 616 728 atrocitate
631 689 760 728 ferina
773 693 893 727 morti
908 704 981 741 per
994 696 1200 729 tormenta
1214 696 1371 728 contra-

183 752 313 797 deret,
335 751 463 789 multo
485 757 668 802 tempore
690 757 799 789 totas
822 766 960 790 eorum
981 755 1204 802 provincias
1226 752 1371 790 debac-

183 813 338 851 chando
359 819 617 864 pervagatus,
642 826 687 850 ac
711 819 844 850 totum
869 827 996 864 genus
1021 813 1245 864 Anglorum
1268 813 1371 851 Brit-

183 879 318 913 taniae
336 876 480 912 finibus
502 888 708 913 erasurum
728 888 771 913 se
788 889 875 914 esse
899 875 1139 913 deliberans.
1194 874 1275 914 Sed
1297 889 1371 914 nee

182 936 365 988 religioni
406 936 674 982 Christianae,
702 950 806 987 quae
836 937 945 987 apud
983 949 1050 975 eos
1088 943 1231 975 exorta
1269 943 1372 983 erat,

185 999 335 1049 aliquid
349 999 601 1049 inpendebat
612 998 785 1036 honoris.
830 998 993 1049 Quippe
1006 1013 1097 1037 cum
1112 1013 1238 1050 usque
1250 998 1371 1038 hodie

184 1064 303 1098 moris
323 1063 376 1098 sit
393 1061 649 1105 Brettonum,
669 1060 791 1099 fidem
810 1060 1129 1112 religionemque
1148 1060 1371 1112 Anglorum

184 1136 254 1169 pro
270 1122 392 1159 nihilo
407 1122 572 1168 habere,
586 1136 720 1173 neque
735 1125 776 1159 in
792 1121 924 1173 aliquo
940 1125 997 1161 eis
1010 1125 1139 1173 magis
1154 1126 1372 1161 communi-

185 1198 276 1223 care
325 1198 446 1235 quam
494 1187 675 1235 paganis.
730 1184 926 1222 Adlatum
965 1190 1028 1223 est
1070 1190 1208 1224 autem
1249 1191 1373 1236 caput

186 1245 472 1296 Aeduiniregis
481 1247 724 1291 Eburacum,
733 1252 775 1284 et
788 1246 958 1284 inlatum
965 1249 1155 1297 posteain
1164 1246 1371 1285 ecclesiam

185 1307 295 1345 beati
317 1308 486 1358 apostoli
510 1307 635 1353 Petri,
656 1322 776 1358 quam
800 1311 886 1358 ipse
906 1310 1054 1358 coepit,
1074 1308 1146 1346 sed
1169 1321 1372 1346 successor

187 1370 271 1406 eius
298 1369 497 1407 Osualdus
523 1369 708 1420 perfecit,
734 1375 781 1407 ut
805 1383 925 1420 supra
950 1369 1171 1415 docuimus,
1196 1372 1372 1420 positum

187 1436 250 1468 est
282 1433 322 1468 in
350 1434 507 1481 porticu
535 1435 663 1468 sancti
692 1445 821 1482 papae
856 1431 1053 1482 Gregorii,
1087 1445 1111 1468 a
1143 1434 1254 1469 cuius
1286 1434 1372 1483 ipse

186 1488 388 1541 discipulis
408 1494 574 1530 verbum
594 1495 701 1530 vitae
721 1498 966 1542 susceperat.

235 1552 424 1592 Turbatis
460 1557 599 1605 itaque
636 1556 756 1592 rebus
794 1553 1219 1605 Nor-danhymbrorum
1256 1554 1373 1594 huius

188 1615 354 1653 articulo
368 1615 602 1661 cladis,cum
616 1615 670 1653 nil
679 1615 822 1653 alicubi
837 1616 1024 1666 praesidii
1038 1619 1111 1654 nisi
1126 1618 1167 1653 in
1174 1616 1272 1666 fuga
1286 1630 1372 1655 esse

188 1675 406 1722 videretur,
437 1676 626 1714 Paulinus
658 1678 872 1727 adsumpta
902 1690 1038 1715 secum
1067 1680 1209 1728 regina
1238 1677 1373 1715 Aedil-

187 1736 313 1787 berge
361 1751 482 1789 quam
529 1739 685 1789 pridem
734 1739 973 1785 adduxerat,
1019 1739 1141 1777 rediit
1187 1739 1372 1777 Cantiam

189 1801 362 1848 navigio,
399 1806 523 1849 atque
561 1800 612 1837 ab
648 1800 827 1837 Honorio
865 1800 1160 1851 archiepiscopo
1198 1806 1241 1838 et
1276 1813 1373 1851 rege

189 1858 398 1898 Eadbaldo
429 1859 603 1897 multum
633 1860 849 1898 honorifice
881 1867 1089 1911 susceptus
1122 1866 1197 1899 est.
1251 1861 1374 1900 Venit

191 1926 328 1959 autem
341 1920 434 1958 illuc
448 1921 550 1959 duce
564 1921 834 1967 Basso,milite
843 1925 948 1972 regis
961 1923 1135 1960 Aeduini
1143 1922 1373 1968 fortissimo,

638 2018 652 2038 ²
673 2017 800 2049 Matth.
817 2027 850 2048 x.
869 2019 922 2049 23.

193 2065 262 2104 310
