1473 2322
471 166 584 203 THE
621 165 953 204 VENERABLE
988 166 1135 204 BEDE

209 270 385 305 maxime
424 268 737 305 commendabat
775 269 974 313 omnibus,
1013 268 1122 318 quod
1159 281 1240 306 non
1278 267 1396 306 aliter

211 335 332 371 quam
361 322 524 359 vivebat
553 334 644 358 cum
673 323 768 366 suis,
795 323 882 372 ipse
912 322 1097 359 docebat.
1151 321 1260 358 Nihil
1289 324 1396 359 enim

210 375 326 412 huius
348 375 489 412 mundi
524 387 735 424 quaerere,
762 375 819 412 nil
839 388 974 413 amare
1006 375 1186 412 curabat.
1241 375 1397 412 Cuncta

211 441 315 478 quae
342 428 417 465 sibi
441 441 465 465 a
483 430 646 478 regibus
665 428 730 467 vel
749 428 939 466 divitibus
958 428 1109 466 saeculi
1127 429 1396 474 donabantur,

209 495 304 519 mox
326 482 570 532 pauperibus
600 484 670 532 qui
697 487 954 520 occurrerent
982 495 1148 532 erogare
1176 482 1395 533 gaudebat.

209 535 445 573 Discurrere
465 549 538 586 per
558 541 705 573 cuncta
725 541 768 574 et
789 536 942 573 urbana
963 541 1006 574 et
1025 538 1175 574 rustica
1194 536 1296 581 loca,
1316 549 1396 573 non

211 602 406 640 equorum
437 589 568 634 dorso,
599 589 673 628 sed
702 589 854 640 pedum
884 592 1042 627 incessu
1073 595 1227 636 vectus,
1258 592 1334 627 nisi
1365 592 1396 627 si

210 645 336 681 maior
349 642 455 681 forte
468 646 688 681 necessitas
702 643 974 693 compulisset,
989 643 1167 681 solebat:
1197 649 1397 694 quatenus

210 697 454 747 ubicumque
472 696 624 747 aliquos
645 696 710 734 vel
737 698 882 735 divites
903 697 967 735 vel
985 710 1184 747 pauperes
1206 697 1397 735 incedens

211 753 449 800 aspexisset,
495 750 708 788 confestim
755 751 806 788 ad
851 750 923 788 hos
969 750 1188 795 divertens,
1234 750 1298 788 vel
1344 751 1397 788 ad

210 804 305 842 fidei
332 804 610 854 suscipiendae
640 810 938 842 sacramentum
965 806 998 841 si
1025 803 1209 842 infideles
1244 810 1395 849 essent,

209 860 423 901 invitaret;
458 857 522 895 vel
543 859 575 894 si
598 857 752 902 fideles,
774 860 816 894 in
836 860 924 907 ipsa
945 870 1013 896 eos
1035 858 1115 896 fide
1137 857 1398 903 confortaret,

211 916 335 961 atque
365 911 416 949 ad
444 910 721 961 eleemosynas
750 924 1000 961 operumque
1028 913 1225 949 bonorum
1254 925 1398 950 execu-

210 968 378 1010 tionem,
395 970 438 1003 et
453 965 585 1003 verbis
603 967 802 1002 excitaret
818 971 862 1003 et
877 964 1006 1002 factis.
1034 1009 1037 1011 ‚

262 1018 310 1056 In
346 1023 509 1055 tantum
546 1024 685 1056 autem
721 1021 805 1056 vita
838 1018 944 1056 illius
981 1032 1006 1055 a
1041 1020 1167 1056 nostri
1203 1021 1396 1069 temporis

211 1074 384 1122 segnitia
406 1072 599 1117 distabat,
623 1078 669 1109 ut
692 1085 830 1110 omnes
854 1075 922 1123 qui
945 1085 1037 1109 cum
1061 1085 1109 1109 eo
1131 1072 1392 1118 incedebant,

212 1128 294 1164 sive
315 1126 487 1170 adtonsi,
507 1139 579 1164 seu
597 1125 701 1171 laici,
719 1126 908 1164 meditari
928 1126 1126 1164 deberent
1138 1138 1148 1170 ;
1175 1126 1217 1163 id
1237 1132 1313 1171 est,
1328 1131 1399 1163 aut

211 1179 392 1230 legendis
404 1179 631 1229 Scripturis,
644 1185 716 1217 aut
727 1179 888 1230 psalmis
901 1179 1099 1218 discendis
1112 1193 1276 1229 operam
1288 1180 1396 1218 dare.

213 1233 300 1271 Hoc
317 1238 405 1271 erat
420 1233 700 1284 quotidianum
716 1247 815 1283 opus
831 1232 951 1279 illius,
968 1239 1011 1272 et
1027 1236 1205 1270 omnium
1222 1236 1290 1284 qui
1306 1247 1396 1271 cum

213 1301 260 1325 eo
296 1292 426 1332 erant,
460 1287 703 1337 ubicumque
737 1286 915 1324 locorum
949 1287 1219 1325 devenissent.
1275 1287 1331 1324 Et
1365 1290 1398 1324 si

212 1341 316 1379 forte
337 1343 553 1386 evenisset,
573 1341 681 1391 quod
700 1346 840 1379 tamen
858 1353 947 1378 raro
969 1343 1118 1386 evenit,
1138 1347 1185 1378 ut
1209 1341 1262 1378 ad
1288 1343 1397 1391 regis

212 1396 435 1432 convivium
458 1400 682 1439 vocaretur,
702 1395 882 1432 intrabat
912 1408 1003 1432 cum
1034 1407 1114 1432 uno
1144 1393 1302 1439 clerico,
1323 1400 1395 1431 aut

213 1448 391 1492 duobus;
439 1453 482 1486 et
512 1449 581 1486 ubi
613 1447 820 1498 paululum
851 1447 1122 1493 reficiebatur,
1155 1447 1399 1486 adceleravit

213 1504 320 1539 ocius
339 1502 391 1540 ad
407 1500 626 1551 legendum
644 1515 735 1539 cum
752 1504 846 1547 suis,
864 1504 947 1540 sive
964 1501 1017 1540 ad
1033 1501 1228 1539 orandum
1247 1501 1397 1552 egredi.

213 1555 335 1593 Cuius
351 1555 546 1605 exemplis
560 1555 765 1593 informati
779 1561 964 1606 tempore
976 1554 1045 1593 illo
1057 1555 1233 1606 religiosi
1248 1558 1398 1606 quique

213 1611 285 1646 viri
314 1622 360 1647 ac
387 1608 577 1654 feminae,
598 1609 932 1648 consuetudinem
951 1608 1137 1648 fecerunt
1164 1623 1237 1660 per
1264 1615 1397 1647 totum

214 1676 378 1708 annum,
387 1668 559 1713 excepta
570 1666 803 1701 remissione
816 1665 1175 1714 quinquagesimae
1187 1662 1397 1713 paschalis,

213 1722 358 1767 quarta
367 1722 409 1754 et
417 1722 533 1755 sexta
543 1717 702 1754 sabbati
711 1719 906 1755 ieiunium
913 1717 1118 1755 adnonam
1125 1730 1252 1767 usque
1259 1715 1397 1754 horam

213 1770 426 1821 protelare.
492 1770 709 1822 Nunquam
736 1771 925 1809 divitibus
950 1769 1110 1809 honoris
1135 1772 1218 1808 sive
1243 1773 1397 1808 timoris

258 1882 270 1902 ¹
295 1882 377 1914 This
391 1882 492 1914 noble
507 1882 682 1924 ensample
696 1885 734 1914 to
750 1882 803 1914 his
817 1882 921 1924 sheep
935 1882 979 1914 he
993 1882 1054 1924 yaf

294 1925 386 1957 That
400 1925 476 1957 first
490 1925 533 1957 he
548 1926 711 1967 wroghte,
727 1925 797 1957 and
811 1925 996 1957 afterward
1011 1925 1053 1956 he
1068 1925 1223 1966 taughte.

689 1968 874 2006 Omnem,
891 1968 1060 2008 Proloque,
1077 1969 1152 1999 496.

259 2009 272 2028 ²
295 2009 367 2041 The
386 2010 487 2041 ninth
506 2009 593 2041 hour
613 2011 646 2049 (3
667 2012 765 2051 p.m.)
785 2011 930 2052 proving
947 2013 1008 2042 too
1027 2020 1152 2047 severe,
1173 2020 1260 2042 noon
1279 2012 1396 2049 (nom)

215 2063 282 2082 was
297 2053 422 2084 moved
438 2052 621 2084 backward
636 2053 689 2084 till
702 2053 732 2085 it
747 2056 866 2085 meant
879 2052 1033 2094 midday.

213 2113 284 2160 346
