1473 2322
462 159 573 195 THE
609 158 938 196 VENERABLE
973 158 1120 196 BEDE

201 265 269 312 qui
305 264 532 311 provinciae
571 261 772 299 Derorum
806 267 965 311 septem
996 263 1110 298 annis
1141 264 1182 298 in
1211 263 1387 298 maxima

201 324 379 357 omnium
405 334 539 358 rerum
565 320 785 365 affluentia,
813 326 856 358 et
882 322 968 370 ipse
996 319 1176 357 amabilis
1204 321 1386 357 omnibus

200 379 389 430 praefuit.
442 378 524 417 Sed
537 392 611 417 nec
625 393 716 416 cum
731 393 779 417 eo
792 379 858 416 ille
873 382 942 429 qui
956 385 1135 417 ceteram
1147 378 1387 416 Transhum-

202 440 352 476 branae
386 441 520 488 gentis
554 444 715 488 partem
750 439 801 476 ab
836 438 1039 488 aquilone,
1067 439 1109 476 id
1144 444 1220 482 est,
1250 438 1387 476 Berni-

201 500 351 535 ciorum
383 501 628 548 provinciam
659 498 844 548 regebat,
877 497 1027 535 habere
1059 510 1202 547 pacem
1233 500 1389 547 potuit3

202 559 298 607 quin
339 559 473 606 potius
515 557 887 606 ingravescentibus
929 558 1057 593 causis
1099 556 1389 593 dissensionum

201 617 423 652 miserrima
454 615 560 652 hunc
591 615 715 653 caede
747 617 933 665 peremit.
988 614 1195 664 Siquidem
1225 628 1389 664 congre-

201 680 298 724 gato
320 680 461 711 contra
482 676 653 712 invicem
676 676 871 719 exercitu,
893 687 985 710 cum
1007 674 1163 711 videret
1184 687 1227 711 se
1249 673 1390 712 Osuini

201 747 292 770 cum
323 731 390 770 illo
424 735 492 783 qui
524 732 658 783 plures
691 732 871 771 habebat
904 732 1130 770 auxiliarios
1162 746 1243 770 non
1273 746 1390 783 posse

202 791 307 831 bello
327 791 558 842 confligere,
578 798 689 829 ratus
710 798 773 830 est
794 791 930 829 utilius
950 798 1048 829 tunc
1068 792 1241 829 demissa
1259 794 1390 830 inten-

201 854 312 889 tione
335 850 527 896 bellandi,
551 863 710 888 servare
734 864 776 888 se
802 851 853 888 ad
877 856 1062 900 tempora
1083 850 1261 888 meliora.
1314 851 1391 889 Re-

200 913 311 948 misit
341 923 438 960 ergo
469 912 694 947 exercitum
725 923 847 959 quem
878 915 1209 960 congregaverat,
1240 923 1286 947 ac
1314 912 1392 947 sin·

202 969 315 1019 gulos
347 969 511 1006 domum
542 968 673 1006 redire
704 971 926 1018 praecepit,
959 981 982 1005 a
1011 967 1098 1006 loco
1129 971 1197 1019 qui
1227 975 1393 1006 vocatur

202 1027 497 1073 Vilfaraesdun,
533 1027 575 1065 id
611 1033 686 1073 est,
725 1027 844 1064 Mons
880 1025 1034 1072 vilfari,
1071 1033 1113 1065 et
1150 1033 1212 1065 est
1248 1041 1271 1064 a
1308 1031 1392 1065 vico

203 1088 470 1125 Cataractone
502 1087 643 1125 decem
672 1086 800 1125 ferme
830 1085 1004 1124 millibus
1033 1100 1224 1136 passuum
1253 1092 1391 1124 contra

203 1146 455 1184 solstitialem
509 1159 693 1183 occasum
747 1152 949 1184 secretus:
1007 1146 1252 1196 divertitque
1307 1148 1391 1196 ipse

203 1221 294 1245 cum
335 1221 414 1243 uno
456 1212 619 1243 tantum
659 1205 788 1244 milite
829 1206 904 1243 sibi
946 1205 1190 1251 fidelissimo,
1231 1209 1392 1244 nomine

202 1266 419 1311 Tondheri,
439 1266 630 1304 celandus
651 1268 691 1303 in
712 1267 832 1304 domo
852 1268 1009 1303 comitis
1029 1266 1251 1312 Hunualdj,
1272 1280 1392 1317 quem

205 1330 328 1366 etiam
344 1330 475 1377 ipsum
491 1328 566 1363 sibi
582 1329 866 1364 amicissimum
882 1327 1135 1364 autumabat.
1189 1326 1284 1372 Sed,
1298 1326 1392 1377 heu,

203 1387 303 1438 proh
321 1386 452 1424 dolor!
485 1386 606 1436 longe
625 1385 742 1423 aliter
760 1391 870 1424 erat:
903 1399 996 1423 nam
1015 1387 1066 1423 ab
1085 1386 1228 1424 eodem
1245 1389 1392 1424 comite

203 1446 408 1497 proditum
430 1459 524 1483 eum
545 1445 688 1490 Osuiu,
709 1458 800 1482 cum
821 1444 1007 1495 praefato
1028 1447 1151 1495 ipsius
1172 1445 1300 1483 milite
1321 1459 1393 1496 per

203 1505 456 1556 praefectum
495 1518 613 1542 suum
652 1503 886 1542 Ediluinum
925 1504 1170 1542 detestanda
1209 1506 1392 1542 omnibus

203 1570 334 1602 morte
351 1563 569 1601 interfecit.
625 1562 745 1610 Quod
761 1562 915 1600 factum
934 1568 996 1601 est
1014 1563 1079 1601 die
1098 1563 1254 1601 decima
1270 1566 1393 1602 tertia

206 1623 481 1661 Kalendarum
516 1621 831 1672 Septembrium,
867 1635 971 1660 anno
1005 1625 1119 1672 regni
1155 1625 1239 1660 eius
1274 1636 1393 1669 nono,

204 1685 244 1719 in
277 1681 365 1719 loco
400 1684 468 1732 qui
503 1681 649 1719 dicitur
685 1681 984 1732 Ingetlingum;
1033 1683 1101 1719 ubi
1135 1682 1392 1732 postmodum

204 1741 429 1791 castigandi
456 1740 573 1778 huius
600 1740 785 1778 facinoris
813 1743 958 1791 gratia,
985 1743 1274 1778 monasterium
1302 1754 1393 1778 con-

204 1805 404 1838 structum
431 1804 514 1838 est:
555 1801 596 1836 in
623 1812 702 1850 quo
727 1813 800 1850 pro
826 1801 1035 1850 utriusque
1061 1801 1182 1850 regis,
1208 1804 1251 1837 et
1276 1802 1391 1837 occisi

265 1928 277 1947 1
301 1927 458 1968 Possibly
475 1926 649 1964 Gariston,
666 1937 749 1959 near
766 1927 950 1959 Catteriek.
1089 1927 1102 1946 ²
1125 1926 1202 1958 A.S.
1218 1927 1330 1967 yesith.

266 1971 278 1989 ³
303 1970 380 2002 A.S.
397 1969 515 2011 qerf'sa.
765 1968 779 1988 ⁴
803 1969 939 2011 Gilfing,
957 1979 1040 2001 near
1055 1969 1261 2001 Riehmond.

265 2011 279 2031 ⁵
304 2013 357 2054 By
374 2012 527 2049 Eanfled‚
547 2011 679 2054 Oswy's
694 2012 782 2043 wife.

206 2085 276 2121 394
