<?xml version="1.0" encoding="UTF-8"?>
<!DOCTYPE html PUBLIC "-//W3C//DTD XHTML 1.0 Transitional//EN"
    "http://www.w3.org/TR/xhtml1/DTD/xhtml1-transitional.dtd">
<html xmlns="http://www.w3.org/1999/xhtml" xml:lang="en" lang="en">
 <head>
  <title>
</title>
<meta http-equiv="Content-Type" content="text/html;charset=utf-8" />
  <meta name='ocr-system' content='tesseract 3.04.00' />
  <meta name='ocr-capabilities' content='ocr_page ocr_carea ocr_par ocr_line ocrx_word'/>
</head>
<body>
  <div class='ocr_page' id='page_1' title='image "./operahistorica01bedeuoft_0246.png"; bbox 0 0 1473 2322; ppageno 0'>
   <div class='ocr_carea' id='block_1_1' title="bbox 410 132 1070 170">
    <p class='ocr_par' dir='ltr' id='par_1_1' title="bbox 410 132 1070 170">
     <span class='ocr_line' id='line_1_1' title="bbox 410 132 1070 170; baseline -0.002 0"><span class='ocrx_word' id='word_1_1' title='bbox 410 132 521 170; x_wconf 88' lang='lat' dir='ltr'><em>THE</em></span> <span class='ocrx_word' id='word_1_2' title='bbox 557 132 887 169; x_wconf 87' lang='lat' dir='ltr'><strong>VENERABLE</strong></span> <span class='ocrx_word' id='word_1_3' title='bbox 923 132 1070 169; x_wconf 89' lang='lat' dir='ltr'><strong>BEDE</strong></span> 
     </span>
    </p>
   </div>
   <div class='ocr_carea' id='block_1_2' title="bbox 637 266 826 304">
    <p class='ocr_par' dir='ltr' id='par_1_2' title="bbox 637 266 826 304">
     <span class='ocr_line' id='line_1_2' title="bbox 637 266 826 304; baseline -0.005 0"><span class='ocrx_word' id='word_1_4' title='bbox 637 266 755 304; x_wconf 91' lang='lat' dir='ltr'><strong>CAP.</strong></span> <span class='ocrx_word' id='word_1_5' title='bbox 786 267 826 304; x_wconf 96' lang='lat' dir='ltr'><em>II</em></span> 
     </span>
    </p>
   </div>
   <div class='ocr_carea' id='block_1_3' title="bbox 157 352 1333 511">
    <p class='ocr_par' dir='ltr' id='par_1_3' title="bbox 157 352 1333 511">
     <span class='ocr_line' id='line_1_3' title="bbox 157 352 1333 403; baseline -0.001 -12"><span class='ocrx_word' id='word_1_6' title='bbox 157 353 207 391; x_wconf 79' lang='lat' dir='ltr'><em>Ut</em></span> <span class='ocrx_word' id='word_1_7' title='bbox 230 352 463 403; x_wconf 71' lang='lat' dir='ltr'><em>Augustinus</em></span> <span class='ocrx_word' id='word_1_8' title='bbox 485 352 700 390; x_wconf 80' lang='lat' dir='ltr'><em>Brettonum</em></span> <span class='ocrx_word' id='word_1_9' title='bbox 725 352 914 403; x_wconf 79' lang='lat' dir='ltr'><em>episcopos</em></span> <span class='ocrx_word' id='word_1_10' title='bbox 932 366 1004 403; x_wconf 78' lang='lat' dir='ltr'><em>pro</em></span> <span class='ocrx_word' id='word_1_11' title='bbox 1023 366 1117 403; x_wconf 83' lang='lat' dir='ltr'><em>pace</em></span> <span class='ocrx_word' id='word_1_12' title='bbox 1138 353 1333 398; x_wconf 74' lang='lat' dir='ltr'><em>catholica,</em></span> 
     </span>
     <span class='ocr_line' id='line_1_4' title="bbox 250 405 1332 457; baseline 0.001 -15"><span class='ocrx_word' id='word_1_13' title='bbox 250 406 359 443; x_wconf 72' lang='lat' dir='ltr'><em>etiam</em></span> <span class='ocrx_word' id='word_1_14' title='bbox 386 405 563 443; x_wconf 86' lang='lat' dir='ltr'><em>miraculo</em></span> <span class='ocrx_word' id='word_1_15' title='bbox 588 405 733 443; x_wconf 82' lang='lat' dir='ltr'><em>coelesti</em></span> <span class='ocrx_word' id='word_1_16' title='bbox 757 419 879 442; x_wconf 81' lang='lat' dir='ltr'><em>coram</em></span> <span class='ocrx_word' id='word_1_17' title='bbox 905 406 958 443; x_wconf 80' lang='lat' dir='ltr'><em>eis</em></span> <span class='ocrx_word' id='word_1_18' title='bbox 971 405 1100 457; x_wconf 78' lang='lat' dir='ltr'><em>facto,</em></span> <span class='ocrx_word' id='word_1_19' title='bbox 1124 406 1302 444; x_wconf 80' lang='lat' dir='ltr'><em>monuerit</em></span> <span class='ocrx_word' id='word_1_20' title='bbox 1315 421 1332 450; x_wconf 92' lang='lat'><em>;</em></span> 
     </span>
     <span class='ocr_line' id='line_1_5' title="bbox 250 458 1046 511; baseline 0 -15"><span class='ocrx_word' id='word_1_21' title='bbox 250 472 389 511; x_wconf 86' lang='lat' dir='ltr'><em>quaeve</em></span> <span class='ocrx_word' id='word_1_22' title='bbox 407 458 492 496; x_wconf 81' lang='lat' dir='ltr'><em>illos</em></span> <span class='ocrx_word' id='word_1_23' title='bbox 509 465 719 509; x_wconf 80' lang='lat' dir='ltr'><em>spernentes</em></span> <span class='ocrx_word' id='word_1_24' title='bbox 737 459 826 496; x_wconf 77' lang='lat' dir='ltr'><em>ultio</em></span> <span class='ocrx_word' id='word_1_25' title='bbox 845 465 969 496; x_wconf 78' lang='lat' dir='ltr'><em>secuta</em></span> <span class='ocrx_word' id='word_1_26' title='bbox 987 459 1046 497; x_wconf 78' lang='lat' dir='ltr'><em>sit.</em></span> 
     </span>
    </p>
   </div>
   <div class='ocr_carea' id='block_1_4' title="bbox 149 544 1336 1611">
    <p class='ocr_par' dir='ltr' id='par_1_4' title="bbox 149 544 1336 1611">
     <span class='ocr_line' id='line_1_6' title="bbox 202 544 1334 594; baseline 0.001 -13"><span class='ocrx_word' id='word_1_27' title='bbox 202 544 381 582; x_wconf 73' lang='lat' dir='ltr'>INTEREA</span> <span class='ocrx_word' id='word_1_28' title='bbox 422 545 674 594; x_wconf 80' lang='lat' dir='ltr'><em>Augustinus</em></span> <span class='ocrx_word' id='word_1_29' title='bbox 715 545 913 582; x_wconf 84' lang='lat' dir='ltr'><em>adiutorio</em></span> <span class='ocrx_word' id='word_1_30' title='bbox 953 558 1046 582; x_wconf 91' lang='lat' dir='ltr'><em>usus</em></span> <span class='ocrx_word' id='word_1_31' title='bbox 1086 544 1334 583; x_wconf 87' lang='lat' dir='ltr'><em>Aedilbercti</em></span> 
     </span>
     <span class='ocr_line' id='line_1_7' title="bbox 151 597 1334 649; baseline 0.003 -15"><span class='ocrx_word' id='word_1_32' title='bbox 151 600 273 649; x_wconf 87' lang='lat' dir='ltr'><em>regis,</em></span> <span class='ocrx_word' id='word_1_33' title='bbox 294 600 528 635; x_wconf 88' lang='lat' dir='ltr'><em>convocavit</em></span> <span class='ocrx_word' id='word_1_34' title='bbox 551 598 602 635; x_wconf 88' lang='lat' dir='ltr'><em>ad</em></span> <span class='ocrx_word' id='word_1_35' title='bbox 623 611 739 635; x_wconf 90' lang='lat' dir='ltr'><em>suum</em></span> <span class='ocrx_word' id='word_1_36' title='bbox 761 597 1002 648; x_wconf 87' lang='lat' dir='ltr'><em>colloquium</em></span> <span class='ocrx_word' id='word_1_37' title='bbox 1025 600 1230 648; x_wconf 83' lang='lat' dir='ltr'><em>episcopos</em></span> <span class='ocrx_word' id='word_1_38' title='bbox 1251 601 1334 637; x_wconf 88' lang='lat' dir='ltr'><em>sive</em></span> 
     </span>
     <span class='ocr_line' id='line_1_8' title="bbox 152 650 1335 702; baseline -0.001 -13"><span class='ocrx_word' id='word_1_39' title='bbox 152 651 335 689; x_wconf 88' lang='lat' dir='ltr'><em>doctores</em></span> <span class='ocrx_word' id='word_1_40' title='bbox 357 653 564 701; x_wconf 85' lang='lat' dir='ltr'>proximae</span> <span class='ocrx_word' id='word_1_41' title='bbox 586 650 827 689; x_wconf 87' lang='lat' dir='ltr'><em>Brettonum</em></span> <span class='ocrx_word' id='word_1_42' title='bbox 849 653 1075 701; x_wconf 84' lang='lat' dir='ltr'><em>provinciae</em></span> <span class='ocrx_word' id='word_1_43' title='bbox 1097 654 1137 688; x_wconf 91' lang='lat' dir='ltr'><em>in</em></span> <span class='ocrx_word' id='word_1_44' title='bbox 1159 651 1245 688; x_wconf 88' lang='lat' dir='ltr'><em>loco</em></span> <span class='ocrx_word' id='word_1_45' title='bbox 1267 654 1335 702; x_wconf 91' lang='lat' dir='ltr'><em>qui</em></span> 
     </span>
     <span class='ocr_line' id='line_1_9' title="bbox 152 703 1335 755; baseline -0.001 -12"><span class='ocrx_word' id='word_1_46' title='bbox 152 718 277 755; x_wconf 90' lang='lat' dir='ltr'><em>usque</em></span> <span class='ocrx_word' id='word_1_47' title='bbox 303 703 422 742; x_wconf 91' lang='lat' dir='ltr'><em>hodie</em></span> <span class='ocrx_word' id='word_1_48' title='bbox 448 703 586 754; x_wconf 85' lang='lat' dir='ltr'><em>lingua</em></span> <span class='ocrx_word' id='word_1_49' title='bbox 605 703 829 755; x_wconf 84' lang='lat' dir='ltr'><em>Anglorum</em></span> <span class='ocrx_word' id='word_1_50' title='bbox 848 710 870 726; x_wconf 86' lang='lat'>“</span> <span class='ocrx_word' id='word_1_51' title='bbox 892 705 1166 755; x_wconf 84' lang='lat' dir='ltr'><em>Augustinaes</em></span> <span class='ocrx_word' id='word_1_52' title='bbox 1187 704 1273 749; x_wconf 87' lang='lat' dir='ltr'><em>ac,’&#39;</em></span> <span class='ocrx_word' id='word_1_53' title='bbox 1294 705 1335 742; x_wconf 90' lang='lat' dir='ltr'><em>id</em></span> 
     </span>
     <span class='ocr_line' id='line_1_10' title="bbox 152 757 1336 808; baseline -0.003 -12"><span class='ocrx_word' id='word_1_54' title='bbox 152 762 227 802; x_wconf 88' lang='lat' dir='ltr'><em>est,</em></span> <span class='ocrx_word' id='word_1_55' title='bbox 267 758 388 795; x_wconf 87' lang='lat' dir='ltr'><em>robur</em></span> <span class='ocrx_word' id='word_1_56' title='bbox 427 758 661 808; x_wconf 77' lang='lat' dir='ltr'><em>Augustini,</em></span> <span class='ocrx_word' id='word_1_57' title='bbox 701 760 743 794; x_wconf 89' lang='lat' dir='ltr'><em>in</em></span> <span class='ocrx_word' id='word_1_58' title='bbox 783 757 953 795; x_wconf 84' lang='lat' dir='ltr'><em>confinio</em></span> <span class='ocrx_word' id='word_1_59' title='bbox 995 757 1252 795; x_wconf 87' lang='lat' dir='ltr'><em>Huicciorum</em></span> <span class='ocrx_word' id='word_1_60' title='bbox 1293 762 1336 796; x_wconf 86' lang='lat' dir='ltr'><em>et</em></span> 
     </span>
     <span class='ocr_line' id='line_1_11' title="bbox 151 810 1334 861; baseline 0 -12"><span class='ocrx_word' id='word_1_61' title='bbox 151 810 473 849; x_wconf 87' lang='lat' dir='ltr'><em>Occidentalium</em></span> <span class='ocrx_word' id='word_1_62' title='bbox 502 810 720 855; x_wconf 85' lang='lat' dir='ltr'><em>Saxonum,</em></span> <span class='ocrx_word' id='word_1_63' title='bbox 749 810 998 860; x_wconf 83' lang='lat' dir='ltr'><em>appellatur3</em></span> <span class='ocrx_word' id='word_1_64' title='bbox 1032 814 1248 861; x_wconf 88' lang='lat' dir='ltr'><em>coepitque</em></span> <span class='ocrx_word' id='word_1_65' title='bbox 1279 814 1334 849; x_wconf 89' lang='lat' dir='ltr'><em>eis</em></span> 
     </span>
     <span class='ocr_line' id='line_1_12' title="bbox 151 864 1333 913; baseline -0.001 -11"><span class='ocrx_word' id='word_1_66' title='bbox 151 864 331 902; x_wconf 84' lang='lat' dir='ltr'><em>fraterna</em></span> <span class='ocrx_word' id='word_1_67' title='bbox 372 864 647 901; x_wconf 77' lang='lat' dir='ltr'><em>admonitione</em></span> <span class='ocrx_word' id='word_1_68' title='bbox 687 864 873 908; x_wconf 83' lang='lat' dir='ltr'><em>suadere,</em></span> <span class='ocrx_word' id='word_1_69' title='bbox 914 868 959 901; x_wconf 89' lang='lat' dir='ltr'><em>ut</em></span> <span class='ocrx_word' id='word_1_70' title='bbox 999 877 1099 913; x_wconf 88' lang='lat' dir='ltr'><em>pace</em></span> <span class='ocrx_word' id='word_1_71' title='bbox 1139 864 1333 902; x_wconf 87' lang='lat' dir='ltr'><em>catholica</em></span> 
     </span>
     <span class='ocr_line' id='line_1_13' title="bbox 150 916 1335 968; baseline 0.001 -13"><span class='ocrx_word' id='word_1_72' title='bbox 150 930 287 955; x_wconf 87' lang='lat' dir='ltr'><em>secum</em></span> <span class='ocrx_word' id='word_1_73' title='bbox 323 916 477 961; x_wconf 87' lang='lat' dir='ltr'><em>habita,</em></span> <span class='ocrx_word' id='word_1_74' title='bbox 513 930 768 955; x_wconf 90' lang='lat' dir='ltr'><em>communem</em></span> <span class='ocrx_word' id='word_1_75' title='bbox 805 916 1109 968; x_wconf 82' lang='lat' dir='ltr'><em>evangelizandi</em></span> <span class='ocrx_word' id='word_1_76' title='bbox 1145 918 1335 968; x_wconf 84' lang='lat' dir='ltr'><em>gentibus</em></span> 
     </span>
     <span class='ocr_line' id='line_1_14' title="bbox 150 969 1335 1020; baseline 0.002 -13"><span class='ocrx_word' id='word_1_77' title='bbox 150 984 221 1020; x_wconf 91' lang='lat' dir='ltr'><em>pro</em></span> <span class='ocrx_word' id='word_1_78' title='bbox 236 970 412 1008; x_wconf 91' lang='lat' dir='ltr'><em>Domino</em></span> <span class='ocrx_word' id='word_1_79' title='bbox 425 969 605 1008; x_wconf 90' lang='lat' dir='ltr'><em>laborem</em></span> <span class='ocrx_word' id='word_1_80' title='bbox 619 973 882 1020; x_wconf 80' lang='lat' dir='ltr'><em>susciperent.</em></span> <span class='ocrx_word' id='word_1_81' title='bbox 938 970 1027 1008; x_wconf 92' lang='lat' dir='ltr'><em>Non</em></span> <span class='ocrx_word' id='word_1_82' title='bbox 1043 973 1149 1008; x_wconf 91' lang='lat' dir='ltr'><em>enim</em></span> <span class='ocrx_word' id='word_1_83' title='bbox 1163 971 1335 1020; x_wconf 82' lang='lat' dir='ltr'><em>paschae</em></span> 
     </span>
     <span class='ocr_line' id='line_1_15' title="bbox 150 1022 1335 1074; baseline 0 -13"><span class='ocrx_word' id='word_1_84' title='bbox 150 1022 410 1061; x_wconf 90' lang='lat' dir='ltr'><em>Dominicum</em></span> <span class='ocrx_word' id='word_1_85' title='bbox 431 1023 540 1061; x_wconf 90' lang='lat' dir='ltr'><em>diem</em></span> <span class='ocrx_word' id='word_1_86' title='bbox 560 1037 632 1061; x_wconf 88' lang='lat' dir='ltr'><em>suo</em></span> <span class='ocrx_word' id='word_1_87' title='bbox 652 1028 852 1073; x_wconf 86' lang='lat' dir='ltr'><em>ternpore,</em></span> <span class='ocrx_word' id='word_1_88' title='bbox 873 1024 945 1062; x_wconf 91' lang='lat' dir='ltr'><em>sed</em></span> <span class='ocrx_word' id='word_1_89' title='bbox 967 1037 990 1060; x_wconf 88' lang='lat' dir='ltr'><em>a</em></span> <span class='ocrx_word' id='word_1_90' title='bbox 1012 1028 1157 1074; x_wconf 87' lang='lat' dir='ltr'><em>quarta</em></span> <span class='ocrx_word' id='word_1_91' title='bbox 1178 1025 1335 1062; x_wconf 87' lang='lat' dir='ltr'><em>decima</em></span> 
     </span>
     <span class='ocr_line' id='line_1_16' title="bbox 150 1076 1335 1128; baseline 0 -13"><span class='ocrx_word' id='word_1_92' title='bbox 150 1090 277 1127; x_wconf 91' lang='lat' dir='ltr'><em>usque</em></span> <span class='ocrx_word' id='word_1_93' title='bbox 323 1077 375 1114; x_wconf 89' lang='lat' dir='ltr'><em>ad</em></span> <span class='ocrx_word' id='word_1_94' title='bbox 420 1079 650 1114; x_wconf 86' lang='lat' dir='ltr'><em>vicesimam</em></span> <span class='ocrx_word' id='word_1_95' title='bbox 694 1076 833 1114; x_wconf 90' lang='lat' dir='ltr'><em>lunam</em></span> <span class='ocrx_word' id='word_1_96' title='bbox 878 1078 1171 1122; x_wconf 81' lang='lat' dir='ltr'><em>observabant3</em></span> <span class='ocrx_word' id='word_1_97' title='bbox 1231 1091 1335 1128; x_wconf 86' lang='lat' dir='ltr'><em>quae</em></span> 
     </span>
     <span class='ocr_line' id='line_1_17' title="bbox 149 1130 1334 1180; baseline 0 -12"><span class='ocrx_word' id='word_1_98' title='bbox 149 1132 400 1180; x_wconf 88' lang='lat' dir='ltr'><em>computatio</em></span> <span class='ocrx_word' id='word_1_99' title='bbox 454 1132 663 1180; x_wconf 86' lang='lat' dir='ltr'><em>octoginta</em></span> <span class='ocrx_word' id='word_1_100' title='bbox 716 1134 890 1180; x_wconf 87' lang='lat' dir='ltr'><em>quatuor</em></span> <span class='ocrx_word' id='word_1_101' title='bbox 943 1144 1138 1167; x_wconf 90' lang='lat' dir='ltr'><em>annorum</em></span> <span class='ocrx_word' id='word_1_102' title='bbox 1191 1130 1334 1169; x_wconf 83' lang='lat' dir='ltr'><em>circulo</em></span> 
     </span>
     <span class='ocr_line' id='line_1_18' title="bbox 150 1182 1336 1233; baseline 0.001 -12"><span class='ocrx_word' id='word_1_103' title='bbox 150 1186 394 1221; x_wconf 78' lang='lat' dir='ltr'><em>continetur.</em></span> <span class='ocrx_word' id='word_1_104' title='bbox 448 1182 528 1221; x_wconf 88' lang='lat' dir='ltr'><em>Sed</em></span> <span class='ocrx_word' id='word_1_105' title='bbox 544 1187 587 1220; x_wconf 88' lang='lat' dir='ltr'><em>et</em></span> <span class='ocrx_word' id='word_1_106' title='bbox 602 1183 679 1220; x_wconf 90' lang='lat' dir='ltr'><em>alia</em></span> <span class='ocrx_word' id='word_1_107' title='bbox 692 1183 864 1233; x_wconf 90' lang='lat' dir='ltr'><em>plurima</em></span> <span class='ocrx_word' id='word_1_108' title='bbox 879 1186 1027 1220; x_wconf 84' lang='lat' dir='ltr'><em>unitati</em></span> <span class='ocrx_word' id='word_1_109' title='bbox 1041 1183 1336 1222; x_wconf 86' lang='lat' dir='ltr'><em>ecclesiasticae</em></span> 
     </span>
     <span class='ocr_line' id='line_1_19' title="bbox 150 1235 1336 1287; baseline 0.001 -13"><span class='ocrx_word' id='word_1_110' title='bbox 150 1239 350 1274; x_wconf 87' lang='lat' dir='ltr'><em>contraria</em></span> <span class='ocrx_word' id='word_1_111' title='bbox 379 1235 597 1274; x_wconf 84' lang='lat' dir='ltr'><em>faciebant.</em></span> <span class='ocrx_word' id='word_1_112' title='bbox 665 1235 744 1283; x_wconf 82' lang='lat' dir='ltr'><em>Qui</em></span> <span class='ocrx_word' id='word_1_113' title='bbox 785 1250 876 1274; x_wconf 90' lang='lat' dir='ltr'><em>cum</em></span> <span class='ocrx_word' id='word_1_114' title='bbox 904 1236 1026 1287; x_wconf 84' lang='lat' dir='ltr'><em>longa</em></span> <span class='ocrx_word' id='word_1_115' title='bbox 1061 1237 1336 1286; x_wconf 80' lang='lat' dir='ltr'><em>disputatione</em></span> 
     </span>
     <span class='ocr_line' id='line_1_20' title="bbox 151 1289 1335 1341; baseline 0.003 -15"><span class='ocrx_word' id='word_1_116' title='bbox 151 1289 305 1334; x_wconf 84' lang='lat' dir='ltr'><em>habita,</em></span> <span class='ocrx_word' id='word_1_117' title='bbox 335 1303 468 1339; x_wconf 89' lang='lat' dir='ltr'><em>neque</em></span> <span class='ocrx_word' id='word_1_118' title='bbox 498 1290 699 1339; x_wconf 87' lang='lat' dir='ltr'><em>precibus,</em></span> <span class='ocrx_word' id='word_1_119' title='bbox 729 1303 862 1340; x_wconf 89' lang='lat' dir='ltr'><em>neque</em></span> <span class='ocrx_word' id='word_1_120' title='bbox 891 1289 1173 1335; x_wconf 85' lang='lat' dir='ltr'><em>hortamentis,</em></span> <span class='ocrx_word' id='word_1_121' title='bbox 1202 1304 1335 1341; x_wconf 90' lang='lat' dir='ltr'><em>neque</em></span> 
     </span>
     <span class='ocr_line' id='line_1_21' title="bbox 150 1343 1334 1393; baseline 0.003 -14"><span class='ocrx_word' id='word_1_122' title='bbox 150 1343 491 1393; x_wconf 85' lang='lat' dir='ltr'><em>increpationibus</em></span> <span class='ocrx_word' id='word_1_123' title='bbox 510 1343 728 1393; x_wconf 87' lang='lat' dir='ltr'><em>Augustini</em></span> <span class='ocrx_word' id='word_1_124' title='bbox 748 1357 794 1381; x_wconf 89' lang='lat' dir='ltr'><em>ae</em></span> <span class='ocrx_word' id='word_1_125' title='bbox 811 1345 1007 1381; x_wconf 87' lang='lat' dir='ltr'><em>sociorum</em></span> <span class='ocrx_word' id='word_1_126' title='bbox 1026 1346 1110 1381; x_wconf 91' lang='lat' dir='ltr'><em>eius</em></span> <span class='ocrx_word' id='word_1_127' title='bbox 1130 1357 1334 1382; x_wconf 85' lang='lat' dir='ltr'><em>assensum</em></span> 
     </span>
     <span class='ocr_line' id='line_1_22' title="bbox 151 1395 1334 1446; baseline 0.003 -13"><span class='ocrx_word' id='word_1_128' title='bbox 151 1397 346 1446; x_wconf 86' lang='lat' dir='ltr'><em>praebere</em></span> <span class='ocrx_word' id='word_1_129' title='bbox 391 1395 622 1441; x_wconf 88' lang='lat' dir='ltr'><em>voluissent,</em></span> <span class='ocrx_word' id='word_1_130' title='bbox 667 1396 739 1434; x_wconf 92' lang='lat' dir='ltr'><em>sed</em></span> <span class='ocrx_word' id='word_1_131' title='bbox 782 1410 873 1435; x_wconf 88' lang='lat' dir='ltr'><em>suas</em></span> <span class='ocrx_word' id='word_1_132' title='bbox 917 1399 1051 1446; x_wconf 88' lang='lat' dir='ltr'><em>potius</em></span> <span class='ocrx_word' id='word_1_133' title='bbox 1095 1397 1334 1436; x_wconf 84' lang='lat' dir='ltr'><em>traditiones</em></span> 
     </span>
     <span class='ocr_line' id='line_1_23' title="bbox 153 1449 1336 1499; baseline 0.002 -13"><span class='ocrx_word' id='word_1_134' title='bbox 153 1451 359 1494; x_wconf 89' lang='lat' dir='ltr'><em>universis,</em></span> <span class='ocrx_word' id='word_1_135' title='bbox 377 1462 482 1499; x_wconf 88' lang='lat' dir='ltr'><em>quae</em></span> <span class='ocrx_word' id='word_1_136' title='bbox 500 1462 573 1499; x_wconf 90' lang='lat' dir='ltr'><em>per</em></span> <span class='ocrx_word' id='word_1_137' title='bbox 591 1450 730 1487; x_wconf 89' lang='lat' dir='ltr'><em>orbem</em></span> <span class='ocrx_word' id='word_1_138' title='bbox 748 1451 823 1487; x_wconf 92' lang='lat' dir='ltr'><em>sibi</em></span> <span class='ocrx_word' id='word_1_139' title='bbox 842 1452 882 1487; x_wconf 91' lang='lat' dir='ltr'><em>in</em></span> <span class='ocrx_word' id='word_1_140' title='bbox 901 1449 1060 1488; x_wconf 86' lang='lat' dir='ltr'><em>Christo</em></span> <span class='ocrx_word' id='word_1_141' title='bbox 1078 1451 1336 1496; x_wconf 84' lang='lat' dir='ltr'><em>concordant,</em></span> 
     </span>
     <span class='ocr_line' id='line_1_24' title="bbox 151 1502 1336 1554; baseline 0 -13"><span class='ocrx_word' id='word_1_142' title='bbox 151 1502 327 1541; x_wconf 87' lang='lat' dir='ltr'><em>ecclesiis</em></span> <span class='ocrx_word' id='word_1_143' title='bbox 347 1502 616 1553; x_wconf 86' lang='lat' dir='ltr'><em>praeferrent,</em></span> <span class='ocrx_word' id='word_1_144' title='bbox 636 1507 798 1541; x_wconf 82' lang='lat' dir='ltr'><em>sanctus</em></span> <span class='ocrx_word' id='word_1_145' title='bbox 819 1508 937 1553; x_wconf 83' lang='lat' dir='ltr'><em>pater</em></span> <span class='ocrx_word' id='word_1_146' title='bbox 957 1504 1209 1554; x_wconf 84' lang='lat' dir='ltr'><em>Augustinus</em></span> <span class='ocrx_word' id='word_1_147' title='bbox 1230 1503 1336 1541; x_wconf 89' lang='lat' dir='ltr'><em>hunc</em></span> 
     </span>
     <span class='ocr_line' id='line_1_25' title="bbox 151 1555 1336 1611; baseline 0 -18"><span class='ocrx_word' id='word_1_148' title='bbox 151 1556 336 1594; x_wconf 87' lang='lat' dir='ltr'><em>laboriosi</em></span> <span class='ocrx_word' id='word_1_149' title='bbox 380 1560 504 1606; x_wconf 87' lang='lat' dir='ltr'><em>atque</em></span> <span class='ocrx_word' id='word_1_150' title='bbox 546 1555 656 1606; x_wconf 86' lang='lat' dir='ltr'><em>longi</em></span> <span class='ocrx_word' id='word_1_151' title='bbox 699 1559 928 1595; x_wconf 86' lang='lat' dir='ltr'><em>certaminis</em></span> <span class='ocrx_word' id='word_1_152' title='bbox 972 1556 1093 1595; x_wconf 87' lang='lat' dir='ltr'><em>finem</em></span> <span class='ocrx_word' id='word_1_153' title='bbox 1135 1556 1247 1602; x_wconf 87' lang='lat' dir='ltr'><em>fecit,</em></span> <span class='ocrx_word' id='word_1_154' title='bbox 1289 1562 1336 1611; x_wconf 65' lang='lat' dir='ltr'><em>ut</em></span> 
     </span>
    </p>
   </div>
   <div class='ocr_carea' id='block_1_5' title="bbox 148 1662 1335 1963">
    <p class='ocr_par' dir='ltr' id='par_1_5' title="bbox 195 1662 1316 1706">
     <span class='ocr_line' id='line_1_26' title="bbox 195 1662 1316 1706; baseline 0.001 -10"><span class='ocrx_word' id='word_1_155' title='bbox 195 1664 208 1684; x_wconf 84' lang='lat'><em>¹</em></span> <span class='ocrx_word' id='word_1_156' title='bbox 223 1663 330 1696; x_wconf 69' lang='lat' dir='ltr'><em>After</em></span> <span class='ocrx_word' id='word_1_157' title='bbox 347 1662 530 1706; x_wconf 73' lang='lat' dir='ltr'><em>Gregory&#39;s</em></span> <span class='ocrx_word' id='word_1_158' title='bbox 547 1665 720 1705; x_wconf 68' lang='lat' dir='ltr'><em>Responsa</em></span> <span class='ocrx_word' id='word_1_159' title='bbox 739 1666 783 1705; x_wconf 89' lang='lat'><em>(1.</em></span> <span class='ocrx_word' id='word_1_160' title='bbox 803 1665 859 1705; x_wconf 83' lang='lat'><em>27)</em></span> <span class='ocrx_word' id='word_1_161' title='bbox 878 1665 947 1697; x_wconf 82' lang='lat' dir='ltr'><em>had</em></span> <span class='ocrx_word' id='word_1_162' title='bbox 965 1665 1050 1701; x_wconf 75' lang='lat' dir='ltr'><em>been</em></span> <span class='ocrx_word' id='word_1_163' title='bbox 1067 1664 1316 1698; x_wconf 48' lang='lat' dir='ltr'><em>received‘ssola-</em></span> 
     </span>
    </p>

    <p class='ocr_par' dir='ltr' id='par_1_6' title="bbox 149 1707 1334 1835">
     <span class='ocr_line' id='line_1_27' title="bbox 195 1707 1334 1750; baseline 0.002 -12"><span class='ocrx_word' id='word_1_164' title='bbox 195 1707 208 1726; x_wconf 77' lang='lat'><strong>²</strong></span> <span class='ocrx_word' id='word_1_165' title='bbox 230 1707 397 1738; x_wconf 77' lang='lat' dir='ltr'><em>Teutonic</em></span> <span class='ocrx_word' id='word_1_166' title='bbox 422 1707 583 1739; x_wconf 86' lang='lat' dir='ltr'><em>invaders</em></span> <span class='ocrx_word' id='word_1_167' title='bbox 608 1707 685 1739; x_wconf 86' lang='lat' dir='ltr'><em>who</em></span> <span class='ocrx_word' id='word_1_168' title='bbox 710 1708 904 1748; x_wconf 86' lang='lat' dir='ltr'><em>eonquered</em></span> <span class='ocrx_word' id='word_1_169' title='bbox 928 1708 987 1740; x_wconf 84' lang='lat' dir='ltr'><em>the</em></span> <span class='ocrx_word' id='word_1_170' title='bbox 1012 1713 1158 1750; x_wconf 78' lang='lat' dir='ltr'><em>country</em></span> <span class='ocrx_word' id='word_1_171' title='bbox 1184 1709 1334 1740; x_wconf 75' lang='lat' dir='ltr'><em>between</em></span> 
     </span>
     <span class='ocr_line' id='line_1_28' title="bbox 149 1749 1334 1783; baseline 0.003 -3"><span class='ocrx_word' id='word_1_172' title='bbox 149 1749 207 1781; x_wconf 77' lang='lat' dir='ltr'><em>the</em></span> <span class='ocrx_word' id='word_1_173' title='bbox 231 1749 402 1782; x_wconf 77' lang='lat' dir='ltr'><em>Somerset</em></span> <span class='ocrx_word' id='word_1_174' title='bbox 425 1750 526 1781; x_wconf 89' lang='lat' dir='ltr'><em>Avon</em></span> <span class='ocrx_word' id='word_1_175' title='bbox 550 1750 619 1782; x_wconf 81' lang='lat' dir='ltr'><em>and</em></span> <span class='ocrx_word' id='word_1_176' title='bbox 643 1750 703 1782; x_wconf 82' lang='lat' dir='ltr'><em>the</em></span> <span class='ocrx_word' id='word_1_177' title='bbox 727 1751 846 1782; x_wconf 83' lang='lat' dir='ltr'><em>Forest</em></span> <span class='ocrx_word' id='word_1_178' title='bbox 869 1751 904 1782; x_wconf 78' lang='lat' dir='ltr'><em>of</em></span> <span class='ocrx_word' id='word_1_179' title='bbox 927 1751 1053 1783; x_wconf 86' lang='lat' dir='ltr'><em>Arden.</em></span> <span class='ocrx_word' id='word_1_180' title='bbox 1099 1752 1188 1783; x_wconf 80' lang='lat' dir='ltr'><em>Aust</em></span> <span class='ocrx_word' id='word_1_181' title='bbox 1210 1762 1255 1783; x_wconf 90' lang='lat' dir='ltr'><em>on</em></span> <span class='ocrx_word' id='word_1_182' title='bbox 1276 1752 1334 1783; x_wconf 83' lang='lat' dir='ltr'><em>the</em></span> 
     </span>
     <span class='ocr_line' id='line_1_29' title="bbox 149 1792 1039 1835; baseline 0.001 -11"><span class='ocrx_word' id='word_1_183' title='bbox 149 1792 275 1824; x_wconf 86' lang='lat' dir='ltr'><em>Sevem</em></span> <span class='ocrx_word' id='word_1_184' title='bbox 292 1803 372 1834; x_wconf 85' lang='lat' dir='ltr'><em>may</em></span> <span class='ocrx_word' id='word_1_185' title='bbox 389 1792 477 1824; x_wconf 79' lang='lat' dir='ltr'><em>have</em></span> <span class='ocrx_word' id='word_1_186' title='bbox 494 1792 579 1824; x_wconf 84' lang='lat' dir='ltr'><em>been</em></span> <span class='ocrx_word' id='word_1_187' title='bbox 595 1793 654 1825; x_wconf 74' lang='lat' dir='ltr'><em>the</em></span> <span class='ocrx_word' id='word_1_188' title='bbox 671 1793 766 1835; x_wconf 84' lang='lat' dir='ltr'><em>place</em></span> <span class='ocrx_word' id='word_1_189' title='bbox 783 1794 817 1825; x_wconf 86' lang='lat' dir='ltr'><em>of</em></span> <span class='ocrx_word' id='word_1_190' title='bbox 833 1794 1039 1825; x_wconf 71' lang='lat' dir='ltr'><em>conierence.</em></span> 
     </span>
    </p>

    <p class='ocr_par' dir='ltr' id='par_1_7' title="bbox 148 1835 1335 1963">
     <span class='ocr_line' id='line_1_30' title="bbox 196 1835 1335 1878; baseline 0.002 -12"><span class='ocrx_word' id='word_1_191' title='bbox 196 1835 209 1855; x_wconf 84' lang='lat'>³</span> <span class='ocrx_word' id='word_1_192' title='bbox 235 1835 267 1866; x_wconf 80' lang='lat' dir='ltr'><em>If</em></span> <span class='ocrx_word' id='word_1_193' title='bbox 284 1835 344 1866; x_wconf 78' lang='lat' dir='ltr'><em>the</em></span> <span class='ocrx_word' id='word_1_194' title='bbox 365 1835 446 1867; x_wconf 80' lang='lat' dir='ltr'><em>14th</em></span> <span class='ocrx_word' id='word_1_195' title='bbox 465 1835 499 1866; x_wconf 89' lang='lat' dir='ltr'><em>of</em></span> <span class='ocrx_word' id='word_1_196' title='bbox 517 1835 577 1867; x_wconf 77' lang='lat' dir='ltr'><em>the</em></span> <span class='ocrx_word' id='word_1_197' title='bbox 595 1846 698 1867; x_wconf 88' lang='lat' dir='ltr'><em>moon</em></span> <span class='ocrx_word' id='word_1_198' title='bbox 716 1836 805 1867; x_wconf 81' lang='lat' dir='ltr'><em>after</em></span> <span class='ocrx_word' id='word_1_199' title='bbox 823 1836 881 1867; x_wconf 77' lang='lat' dir='ltr'><em>the</em></span> <span class='ocrx_word' id='word_1_200' title='bbox 900 1836 1022 1878; x_wconf 87' lang='lat' dir='ltr'><em>Spring</em></span> <span class='ocrx_word' id='word_1_201' title='bbox 1041 1836 1199 1876; x_wconf 77' lang='lat' dir='ltr'><em>Equinox</em></span> <span class='ocrx_word' id='word_1_202' title='bbox 1217 1836 1274 1868; x_wconf 85' lang='lat' dir='ltr'><em>fell</em></span> <span class='ocrx_word' id='word_1_203' title='bbox 1290 1847 1335 1869; x_wconf 92' lang='lat' dir='ltr'><em>on</em></span> 
     </span>
     <span class='ocr_line' id='line_1_31' title="bbox 148 1877 1334 1920; baseline 0.002 -11"><span class='ocrx_word' id='word_1_204' title='bbox 148 1887 169 1908; x_wconf 81' lang='lat' dir='ltr'><em>a</em></span> <span class='ocrx_word' id='word_1_205' title='bbox 194 1877 334 1919; x_wconf 85' lang='lat' dir='ltr'><em>Sunday</em></span> <span class='ocrx_word' id='word_1_206' title='bbox 359 1878 418 1909; x_wconf 76' lang='lat' dir='ltr'><em>the</em></span> <span class='ocrx_word' id='word_1_207' title='bbox 445 1878 584 1910; x_wconf 80' lang='lat' dir='ltr'><em>Britons</em></span> <span class='ocrx_word' id='word_1_208' title='bbox 608 1879 721 1910; x_wconf 82' lang='lat' dir='ltr'><em>would</em></span> <span class='ocrx_word' id='word_1_209' title='bbox 746 1878 831 1920; x_wconf 85' lang='lat' dir='ltr'><em>keep</em></span> <span class='ocrx_word' id='word_1_210' title='bbox 856 1879 978 1910; x_wconf 82' lang='lat' dir='ltr'><em>Easter</em></span> <span class='ocrx_word' id='word_1_211' title='bbox 1002 1889 1046 1911; x_wconf 91' lang='lat' dir='ltr'><em>on</em></span> <span class='ocrx_word' id='word_1_212' title='bbox 1070 1879 1148 1910; x_wconf 75' lang='lat' dir='ltr'><em>that</em></span> <span class='ocrx_word' id='word_1_213' title='bbox 1172 1879 1252 1920; x_wconf 81' lang='lat' dir='ltr'><em>day,</em></span> <span class='ocrx_word' id='word_1_214' title='bbox 1275 1879 1334 1911; x_wconf 80' lang='lat' dir='ltr'><em>the</em></span> 
     </span>
     <span class='ocr_line' id='line_1_32' title="bbox 148 1920 1334 1963; baseline 0.003 -12"><span class='ocrx_word' id='word_1_215' title='bbox 148 1920 302 1952; x_wconf 82' lang='lat' dir='ltr'><em>Romans</em></span> <span class='ocrx_word' id='word_1_216' title='bbox 317 1920 430 1952; x_wconf 86' lang='lat' dir='ltr'><em>would</em></span> <span class='ocrx_word' id='word_1_217' title='bbox 445 1920 539 1952; x_wconf 82' lang='lat' dir='ltr'><em>defer</em></span> <span class='ocrx_word' id='word_1_218' title='bbox 554 1922 582 1952; x_wconf 76' lang='lat' dir='ltr'><em>it</em></span> <span class='ocrx_word' id='word_1_219' title='bbox 597 1924 634 1953; x_wconf 77' lang='lat' dir='ltr'><em>to</em></span> <span class='ocrx_word' id='word_1_220' title='bbox 649 1921 709 1952; x_wconf 83' lang='lat' dir='ltr'><em>the</em></span> <span class='ocrx_word' id='word_1_221' title='bbox 724 1921 896 1963; x_wconf 86' lang='lat' dir='ltr'><em>following</em></span> <span class='ocrx_word' id='word_1_222' title='bbox 911 1921 1062 1963; x_wconf 86' lang='lat' dir='ltr'><em>Sunday.</em></span> <span class='ocrx_word' id='word_1_223' title='bbox 1110 1922 1182 1953; x_wconf 80' lang='lat' dir='ltr'><em>The</em></span> <span class='ocrx_word' id='word_1_224' title='bbox 1198 1923 1334 1954; x_wconf 79' lang='lat' dir='ltr'><em>Britons</em></span> 
     </span>
    </p>
   </div>
   <div class='ocr_carea' id='block_1_6' title="bbox 147 1963 1333 2048">
    <p class='ocr_par' dir='ltr' id='par_1_8' title="bbox 147 1963 1333 2048">
     <span class='ocr_line' id='line_1_33' title="bbox 148 1963 1333 2005; baseline 0.002 -11"><span class='ocrx_word' id='word_1_225' title='bbox 148 1963 219 1994; x_wconf 83' lang='lat' dir='ltr'><em>also</em></span> <span class='ocrx_word' id='word_1_226' title='bbox 233 1963 391 1994; x_wconf 86' lang='lat' dir='ltr'><em>followed</em></span> <span class='ocrx_word' id='word_1_227' title='bbox 405 1963 464 1994; x_wconf 78' lang='lat' dir='ltr'><em>the</em></span> <span class='ocrx_word' id='word_1_228' title='bbox 478 1963 606 1995; x_wconf 78' lang='lat' dir='ltr'><em>Jewish</em></span> <span class='ocrx_word' id='word_1_229' title='bbox 621 1964 714 2004; x_wconf 82' lang='lat' dir='ltr'><em>cyclo</em></span> <span class='ocrx_word' id='word_1_230' title='bbox 729 1964 763 1995; x_wconf 83' lang='lat' dir='ltr'><em>of</em></span> <span class='ocrx_word' id='word_1_231' title='bbox 778 1965 820 1995; x_wconf 84' lang='lat'><em>84</em></span> <span class='ocrx_word' id='word_1_232' title='bbox 833 1975 932 2005; x_wconf 77' lang='lat' dir='ltr'><em>years</em></span> <span class='ocrx_word' id='word_1_233' title='bbox 945 1964 997 1996; x_wconf 81' lang='lat' dir='ltr'><em>for</em></span> <span class='ocrx_word' id='word_1_234' title='bbox 1011 1964 1116 2004; x_wconf 80' lang='lat' dir='ltr'><em>fixing</em></span> <span class='ocrx_word' id='word_1_235' title='bbox 1131 1964 1189 1996; x_wconf 84' lang='lat' dir='ltr'><em>the</em></span> <span class='ocrx_word' id='word_1_236' title='bbox 1204 1968 1333 1996; x_wconf 74' lang='lat' dir='ltr'><em>correct</em></span> 
     </span>
     <span class='ocr_line' id='line_1_34' title="bbox 147 2005 1333 2048; baseline 0.003 -11"><span class='ocrx_word' id='word_1_237' title='bbox 147 2006 231 2037; x_wconf 74' lang='lat' dir='ltr'><em>time</em></span> <span class='ocrx_word' id='word_1_238' title='bbox 250 2006 286 2037; x_wconf 83' lang='lat' dir='ltr'><em>of</em></span> <span class='ocrx_word' id='word_1_239' title='bbox 308 2005 441 2043; x_wconf 76' lang='lat' dir='ltr'><em>Easter,</em></span> <span class='ocrx_word' id='word_1_240' title='bbox 462 2006 572 2038; x_wconf 88' lang='lat' dir='ltr'><em>which</em></span> <span class='ocrx_word' id='word_1_241' title='bbox 592 2006 661 2037; x_wconf 88' lang='lat' dir='ltr'><em>had</em></span> <span class='ocrx_word' id='word_1_242' title='bbox 681 2006 767 2038; x_wconf 85' lang='lat' dir='ltr'><em>been</em></span> <span class='ocrx_word' id='word_1_243' title='bbox 797 2006 1002 2038; x_wconf 84' lang='lat' dir='ltr'><em>abandoned</em></span> <span class='ocrx_word' id='word_1_244' title='bbox 1024 2006 1071 2048; x_wconf 88' lang='lat' dir='ltr'><em>by</em></span> <span class='ocrx_word' id='word_1_245' title='bbox 1091 2007 1200 2039; x_wconf 74' lang='lat' dir='ltr'><em>Rome</em></span> <span class='ocrx_word' id='word_1_246' title='bbox 1218 2008 1254 2040; x_wconf 89' lang='lat' dir='ltr'><em>in</em></span> <span class='ocrx_word' id='word_1_247' title='bbox 1270 2008 1333 2040; x_wconf 86' lang='lat'><em>527</em></span> 
     </span>
    </p>
   </div>
   <div class='ocr_carea' id='block_1_7' title="bbox 150 2070 221 2103">
    <p class='ocr_par' dir='ltr' id='par_1_9' title="bbox 150 2070 221 2103">
     <span class='ocr_line' id='line_1_35' title="bbox 150 2070 221 2103; baseline 0.014 -9"><span class='ocrx_word' id='word_1_248' title='bbox 150 2070 221 2103; x_wconf 88' lang='lat'><em>²04</em></span> 
     </span>
    </p>
   </div>
   <div class='ocr_carea' id='block_1_8' title="bbox 1440 1423 1473 1485">
    <p class='ocr_par' dir='ltr' id='par_1_10' title="bbox 1440 1423 1473 1485">
     <span class='ocr_line' id='line_1_36' title="bbox 1440 1423 1473 1485; baseline 0 -6"><span class='ocrx_word' id='word_1_249' title='bbox 1440 1423 1473 1485; x_wconf 69' lang='lat' dir='ltr'><em>s</em></span> 
     </span>
    </p>
   </div>
  </div>
 </body>
</html>
