1473 2322
440 118 552 155 THE
588 116 918 156 VENERABLE
954 118 1101 155 BEDE

178 221 447 258 Romanorum
475 219 652 258 fidelium
680 234 800 270 opere
827 220 978 258 factam
1003 219 1126 259 fuisse
1153 221 1362 266 didicerat,

178 287 222 320 et
248 295 339 320 eam
365 284 407 318 in
433 284 595 320 nomine
622 285 749 320 sancti
777 282 992 319 Salvatoris
1021 282 1100 320 Dei
1128 288 1172 320 et
1200 282 1362 319 Domini

176 346 301 381 nostri
333 343 426 381 Iesu
452 343 599 381 Christi
623 346 807 389 sacravit,
832 349 956 394 atque
980 344 1130 381 ibidem
1155 344 1229 381 sibi
1252 343 1363 381 habi-

178 407 376 443 tationem
393 407 551 450 statuit,
569 411 611 443 et
628 408 780 443 cunctis
798 406 1088 444 successoribus
1105 407 1197 442 suis.
1251 405 1364 443 Fecit

178 472 316 505 autem
338 472 381 505 et
400 470 690 505 monasterium
710 481 789 505 non
809 467 928 518 longe
950 468 1000 504 ab
1022 469 1107 517 ipsa
1128 468 1291 505 civitate
1313 467 1364 505 ad

178 531 389 574 orientem,
413 531 455 566 in
479 542 571 580 quo,
597 531 680 567 eius
710 528 888 574 hortatu,
912 529 1134 567 Aediberct
1158 527 1365 567 ecclesiam

177 591 391 629 beatorum
414 590 685 641 apostolorum
709 590 819 630 Petri
843 597 886 629 et
909 589 1021 628 Pauli
1045 604 1070 628 a
1092 589 1364 629 fundamentis

178 655 415 697 construxit,
439 666 484 690 ae
507 653 670 691 diversis
694 653 806 690 donis
830 653 988 697 ditavit,
1011 655 1051 689 in
1075 665 1155 702 qua
1177 657 1221 690 et
1241 654 1364 702 ipsius

179 714 410 765 Augustini,
430 719 473 752 et
490 717 668 752 omnium
688 717 963 764 episcoporum
983 714 1363 758 Doruvernensium,

179 775 294 814 simul
312 781 355 814 et
371 789 513 827 regum
531 776 698 814 Cantiae
715 778 809 826 poni
827 789 990 826 corpora
1007 780 1183 825 possent.
1233 774 1363 822 Quam

180 843 318 875 tamen
341 837 550 876 ecelesiam
573 851 652 875 non
676 840 760 888 ipse
784 838 1048 888 Augustinus,
1072 837 1144 875 sed
1165 850 1365 874 successor

180 901 263 937 eius
286 899 526 938 Laurentius
543 902 800 938 consecravit.
855 898 1009 936 Primus
1027 904 1165 937 autem
1186 899 1364 937 eiusdem

181 964 412 1000 monasterii
438 962 562 999 abbas
589 960 732 1000 Petrus
758 961 971 1012 presbyter
997 960 1087 1006 fuit,
1114 962 1182 1011 qui
1207 959 1364 1012 legatus

181 1023 353 1061 Galliam
390 1026 547 1068 missus,
587 1024 792 1061 demersus
832 1029 894 1061 est
933 1025 972 1059 in
1013 1025 1101 1060 sinu
1139 1024 1258 1060 maris
1298 1024 1365 1073 qui

180 1091 344 1123 vocatur
370 1085 562 1130 Amfleat,
590 1091 633 1123 et
660 1086 711 1122 ab
737 1084 873 1122 ineolis
901 1085 976 1121 loci
1002 1083 1166 1135 ignobili
1193 1084 1365 1122 traditus

180 1147 432 1198 sepulturae:
476 1147 546 1185 sed
576 1149 828 1197 omnipotens
859 1147 971 1184 Deus
1001 1152 1048 1183 ut
1077 1145 1204 1196 qualis
1232 1148 1366 1184 meriti

181 1212 238 1247 vir
258 1208 381 1248 fuerit
401 1209 711 1253 demonstraret,
733 1211 840 1246 omni
862 1214 979 1246 nocte
1000 1221 1120 1258 supra
1140 1207 1365 1258 sepulcrum

180 1273 264 1310 eius
293 1271 362 1309 lux
392 1271 575 1309 caelestis
606 1273 804 1321 apparuit,
835 1270 962 1308 donec
997 1270 1364 1308 animadvertentes

180 1336 309 1378 vicini,
343 1335 411 1384 qui
443 1333 648 1377 videbant,
681 1338 864 1370 sanctum
896 1331 1018 1370 fuisse
1050 1333 1178 1368 virum
1210 1333 1278 1382 qui
1310 1332 1364 1369 ibi

183 1401 289 1433 esset
313 1394 506 1445 sepultus,
532 1401 575 1432 et
599 1397 887 1445 investigantes
913 1394 1020 1431 unde
1044 1392 1106 1431 vel
1131 1395 1218 1443 quis
1244 1398 1365 1439 esset,

182 1457 435 1495 abstulerunt
473 1470 628 1507 corpus,
668 1462 711 1494 et
749 1458 789 1492 in
828 1456 1007 1493 Bononia
1045 1457 1208 1493 civitate
1251 1456 1365 1493 iuxta

181 1519 372 1558 honorem
392 1525 507 1557 tanto
527 1521 609 1555 viro
629 1531 850 1569 congruum
869 1520 909 1554 in
930 1517 1095 1555 eeclesia
1114 1522 1345 1567 posuerunt.

270 1632 277 1650 ¹
305 1633 418 1665 Christ
435 1632 582 1669 Church,
601 1631 828 1673 Canterbury.

271 1678 283 1695 2
307 1676 427 1707 Better
445 1676 570 1707 known
588 1675 634 1717 by
651 1675 740 1707 later
756 1685 858 1706 name
876 1674 911 1705 of
929 1674 978 1705 St.
998 1672 1229 1714 Augustine's.

269 1719 282 1737 ³
306 1719 537 1752 Ambleteuse.
810 1717 823 1735 ⁴
847 1717 898 1749 St.
916 1716 1044 1758 Mary's
1059 1715 1205 1748 Chureh.

186 2046 255 2093 176
