1473 2322
491 154 602 192 THE
638 154 970 192 VENERABLE
1006 155 1152 193 BEDE

229 257 337 294 Tulit
354 260 493 306 itaque
510 257 561 294 de
579 256 744 307 pulvere
761 263 894 295 terrae
911 257 1015 295 illius
1033 271 1169 296 secum
1185 257 1358 308 inligans
1375 261 1415 294 in

228 327 368 371 linteo,
386 329 568 377 cogitans
587 327 695 377 quod
711 326 894 364 futurum
913 333 1014 373 erat,
1033 330 1128 378 quia
1145 328 1197 365 ad
1213 327 1414 366 medelam

228 396 518 434 infirmantium
559 397 669 435 idem
711 396 840 447 pulvis
883 397 1119 448 proficeret3
1167 403 1211 436 et
1242 410 1416 448 pergens

228 469 374 504 itinere
409 480 481 504 suo
516 470 703 517 pervenit
739 467 791 505 ad
826 470 958 505 vicum
994 468 1198 518 quendam
1234 480 1416 517 vespere,

229 539 475 587 intravitque
492 539 535 573 in
553 537 718 574 domum
736 539 777 574 in
798 551 878 588 qua
896 540 1025 575 vicani
1043 543 1261 575 coenantes
1281 536 1416 588 epula-

227 606 399 644 bantur:
443 612 486 644 et
514 613 724 657 susceptus
755 622 778 644 a
807 608 977 645 dominis
1008 608 1163 653 domus,
1192 607 1344 645 resedit
1374 613 1417 645 et

228 679 314 726 ipse
335 690 426 714 cum
450 680 506 714 eis
529 678 581 714 ad
594 680 833 722 convivium,
849 678 1084 727 adpendens
1097 676 1310 715 linteolum
1324 691 1415 715 cum

227 746 393 797 pulvere
438 760 559 797 quem
605 746 822 793 adtulerat,
865 749 907 784 in
952 761 1032 785 una
1076 753 1193 797 posta
1236 750 1413 797 parietis.

229 816 412 867 Cumque
453 817 603 854 diutius
646 816 772 867 epulis
815 822 939 868 atque
981 818 1172 855 ebrietati
1213 823 1417 863 vacarent,

228 900 395 924 accenso
416 887 559 936 grandi
581 889 676 936 igne
698 889 739 924 in
761 887 910 932 medio,
932 890 1104 937 contigit
1125 886 1354 925 volantibus
1376 890 1417 924 in

229 957 355 994 altum
395 955 589 1001 scintillis,
627 955 787 994 culmen
826 957 982 1002 domuS‚
1022 958 1130 1007 quod
1169 962 1258 995 erat
1295 959 1416 1007 virgis

228 1031 467 1064 contextum
510 1039 556 1063 ac
599 1026 720 1064 foeno
765 1032 934 1072 tectum,
980 1027 1201 1064 subitaneis
1246 1026 1416 1064 flammis

228 1096 397 1147 impleri.
451 1095 571 1143 Quod
587 1110 679 1134 cum
696 1102 867 1146 repente
885 1099 1075 1135 convivae
1092 1103 1246 1135 terrore
1264 1097 1415 1135 confusi

229 1170 520 1217 conspicerent,
566 1166 761 1216 fugerunt
806 1166 927 1211 foras,
972 1166 1027 1204 nil
1075 1167 1232 1205 ardenti
1281 1167 1415 1204 domui

228 1240 470 1287 iamiamque
487 1239 692 1286 periturae
710 1237 900 1286 prodesse
918 1235 1113 1275 valentes.
1168 1236 1417 1287 Consumpta

230 1321 325 1357 ergo
350 1307 468 1344 domo
493 1306 677 1351 flammis,
701 1313 819 1356 posta
843 1306 1092 1344 solummodo
1116 1309 1158 1344 in
1182 1320 1263 1358 qua
1286 1307 1415 1357 pulvis

228 1377 294 1414 ille
326 1376 499 1414 inclusus
532 1377 754 1426 pendebat,
786 1382 878 1414 tuta
911 1377 962 1414 ab
995 1377 1153 1427 ignibus
1187 1382 1230 1414 et
1262 1379 1416 1414 intacta

230 1449 434 1485 remansit.
489 1446 580 1492 Qua
606 1449 689 1483 visa
717 1448 882 1491 virtute,
908 1448 1042 1483 mirati
1071 1451 1165 1483 sunt
1193 1445 1331 1490 valde3
1375 1452 1418 1484 et

229 1519 508 1568 perquirentes
537 1515 736 1560 subtilius,
764 1518 1006 1554 invenerunt
1034 1518 1129 1566 quia
1156 1516 1208 1553 de
1235 1514 1303 1552 illo
1329 1514 1416 1553 loco

229 1588 467 1636 adsumptus
505 1591 593 1624 erat
630 1585 758 1636 pulvis
796 1587 864 1623 ubi
902 1588 1008 1636 regis
1047 1584 1215 1623 Osualdi
1253 1588 1415 1636 sanguis

228 1657 363 1695 fuerat
414 1655 572 1693 effusus
627 1655 783 1701 Quibus
834 1655 1049 1705 patefactis
1102 1668 1148 1692 ae
1200 1654 1415 1692 diffamatis

227 1726 347 1776 longe
376 1725 541 1776 lateque
571 1724 784 1769 miraculis,
813 1723 931 1762 multi
961 1738 1033 1774 per
1063 1725 1147 1762 dies
1177 1723 1308 1761 locum
1338 1724 1416 1763 fre-

230 1801 427 1847 quentare
448 1794 575 1839 illum,
597 1800 639 1832 et
661 1796 882 1832 sanitatum
903 1794 959 1831 ibi
978 1796 1154 1845 gratiam
1175 1806 1319 1845 capere
1340 1794 1414 1832 sibi

230 1869 391 1916 suisque
419 1869 652 1915 coeperunt.

229 2092 302 2129 374
