1473 2322
440 153 552 192 THE
586 152 917 191 VENERABLE
951 153 1099 191 BEDE
1160 147 1165 151 ⁴

179 259 400 308 reperimus
421 256 615 307 quosdam
635 258 862 306 provinciae
882 260 1040 294 vestrae
1063 261 1204 293 contra
1229 254 1364 293 ortho-

180 311 328 348 doxam
359 310 495 355 fidem,
525 323 669 347 novam
703 323 753 348 ex
783 312 911 348 veteri
943 308 1141 347 haeresim
1170 322 1364 348 renovare

181 369 387 410 conantes,
425 363 574 414 pascha
616 368 799 401 nostrum
836 366 877 400 in
915 375 995 412 quo
1031 362 1263 401 immolatus
1302 368 1364 401 est

181 417 376 463 Christus,
414 417 609 456 nebulosa
645 416 818 467 caligine
860 416 1103 462 refutantes,
1141 422 1184 455 et
1220 422 1366 467 quarta

181 471 337 509 decima
376 470 473 508 luna
515 484 606 509 cum
651 470 850 508 Hebraeis
893 469 1098 508 celebrare
1142 469 1363 508 nitentes.”

181 524 272 572 Quo
309 524 504 575 epistolae
541 526 736 574 principio
783 523 1000 561 manifeste
1044 521 1285 569 declaratur,
1323 529 1366 561 et

181 581 410 629 nuperrime
433 578 683 628 temporibus
708 576 784 614 illis
810 576 914 614 hanc
940 577 1049 627 apud
1074 590 1142 615 eos
1167 577 1365 615 haeresim

181 637 374 677 coortam,
394 638 437 670 et
459 645 539 669 non
562 637 694 669 totam
718 644 856 669 eorum
879 637 1061 682 gentem,
1080 631 1152 669 sed
1172 630 1366 682 quosdam

180 689 222 724 in
242 688 298 724 eis
318 685 393 723 hac
411 685 533 723 fuisse
551 685 779 735 implicitos.

232 740 429 790 Exposita
448 744 586 777 autem
605 741 761 777 ratione
781 737 978 788 paschalis
1000 738 1295 782 observantiae,
1308 739 1367 775 ita

183 793 234 832 de
258 792 485 844 Pelagianis
503 795 545 830 in
570 793 713 831 eadem
739 791 909 842 epistola
932 791 1134 829 subdunt:
1172 791 1195 804 “
1214 791 1270 829 Et
1292 790 1368 828 hoc

184 860 343 898 quoque
359 848 631 897 cognovimus,
647 846 756 896 quod
770 848 875 883 virus
897 845 1139 895 Pelagianae
1151 844 1364 883 haereseos

185 902 292 951 apud
308 914 376 938 vos
393 901 526 939 denuo
542 902 764 938 reviviscit:
796 900 904 950 quod
920 902 1082 937 omnino
1098 898 1306 936 hortamur
1321 904 1368 935 ut

185 968 208 992 a
246 957 387 992 vestris
425 955 630 992 mentibus
680 953 908 991 huiusmodi
946 958 1193 991 venenatum
1231 965 1369 1002 super-

185 1010 356 1046 stitionis
381 1007 534 1046 facinus
560 1007 778 1046 auferatur.
833 1006 938 1044 Nam
963 1006 1137 1057 qualiter
1160 1009 1248 1056 ipsa
1271 1019 1369 1056 quo-

185 1076 263 1111 que
289 1062 515 1100 execranda
538 1061 714 1099 haeresis
740 1061 933 1099 damnata
958 1066 1034 1105 est,
1052 1060 1181 1098 latere
1202 1072 1269 1097 vos
1288 1072 1368 1097 non

186 1116 332 1160 debet3
381 1119 475 1166 quia
506 1129 587 1153 non
619 1115 748 1153 solum
780 1128 853 1165 per
884 1116 982 1152 istos
1015 1114 1211 1152 ducentos
1244 1126 1368 1150 annos

186 1169 336 1207 abolita
356 1176 431 1214 est,
451 1169 524 1208 sed
545 1175 587 1207 et
607 1169 787 1219 quotidie
809 1182 832 1206 a
850 1169 964 1206 nobis
984 1172 1183 1218 perpetuo
1203 1166 1370 1205 anathe-

185 1229 295 1261 mate
325 1223 484 1273 sepulta
513 1223 750 1265 damnatum
796 1227 839 1260 et
867 1222 1089 1267 hortamur,
1118 1234 1170 1259 ne
1200 1234 1370 1272 quorum

187 1291 296 1315 arma
310 1278 519 1315 combusta
533 1283 640 1322 sunt,
650 1276 757 1327 apud
771 1289 839 1313 vos
856 1289 993 1313 eorum
1008 1278 1160 1313 eineres
1175 1277 1368 1313 susciten-

186 1337 264 1369 tur.
324 1331 428 1368 Nam
469 1334 556 1381 quis
597 1344 678 1368 non
719 1335 932 1368 execretur
971 1330 1189 1379 superbum
1232 1341 1370 1367 eorum

187 1398 380 1422 conamen
411 1390 454 1422 et
481 1386 663 1435 impium,
693 1384 914 1422 dicentium
942 1397 1059 1432 posse
1088 1385 1174 1420 sine
1202 1387 1370 1432 peccato

186 1439 389 1477 hominem
418 1440 593 1476 existere
622 1451 672 1477 ex
700 1440 861 1488 propria
887 1436 1112 1480 voluntate,
1141 1442 1184 1474 et
1211 1450 1292 1473 non
1320 1449 1370 1474 ex

187 1495 318 1543 gratia
366 1493 474 1530 Dei?
544 1492 600 1529 Et
648 1494 822 1542 primum
871 1491 1036 1541 quidem
1096 1489 1371 1540 blasphemiae

187 1545 481 1596 stultiloquium
501 1551 576 1591 est,
595 1545 729 1584 dicere
748 1558 835 1584 esse
854 1544 1057 1583 hominem
1077 1546 1162 1582 sine
1180 1548 1370 1594 peccat03

189 1600 296 1649 quod
318 1602 479 1637 omnino
504 1613 583 1637 non
607 1604 746 1649 potest
768 1601 843 1636 nisi
867 1611 969 1636 unus
995 1597 1202 1636 Mediator
1224 1597 1304 1635 Dei
1329 1601 1372 1634 et

187 1653 393 1690 hominum
417 1653 536 1691 homo
562 1652 743 1690 Christus
767 1653 793 1691 J
798 1666 887 1690 esus
913 1654 980 1702 qui
1006 1654 1092 1689 sine
1116 1656 1284 1701 peccato
1310 1654 1373 1688 est

189 1712 405 1753 conceptus
450 1713 492 1744 et
533 1712 687 1753 partus.
742 1706 847 1743 Nam
889 1707 1014 1744 ceteri
1056 1704 1238 1743 homines
1281 1716 1372 1740 cum

188 1766 355 1811 peccato
385 1760 567 1811 originali
590 1765 802 1798 nascentes
825 1760 1103 1797 testimonium
1126 1759 1372 1808 praevarica-

234 1936 247 1955 ¹
271 1935 322 1966 Cf.
338 1934 387 1967 iii.
404 1936 457 1966 25.
503 1934 576 1966 The
598 1934 686 1965 Irish
706 1944 794 1965 were
816 1936 880 1965 not
900 1932 1208 1970 Quarto-deciman
1226 1931 1373 1963 heretica

190 1978 266 2009 who
280 1978 365 2018 kept
378 1977 503 2008 Easter
516 1986 561 2008 on
575 1975 636 2007 the
651 1976 734 2007 14th
749 1976 819 2017 day
833 1976 869 2007 of
881 1975 942 2007 the
957 1985 1060 2007 moon
1073 1975 1163 2006 after
1175 1973 1236 2006 the
1250 1973 1374 2017 Spring

190 2020 364 2061 Equinox,
381 2018 536 2051 whether
550 2018 623 2050 this
637 2017 698 2050 feu
714 2028 760 2051 on
777 2028 798 2050 a
815 2017 958 2059 Sunday
975 2027 1015 2050 or
1030 2019 1106 2051 not.

192 2092 262 2130 31²
