1473 2322
436 126 547 164 THE
583 125 914 164 VENERABLE
948 127 1095 164 BEDE

174 229 292 266 libros
308 241 469 279 quoque
483 228 533 266 ad
547 228 781 280 legendum,
795 234 838 266 et
850 232 1128 281 magisterium
1141 232 1364 281 gratuitum

177 290 369 340 praebere
388 290 595 328 curabant.

226 351 355 389 Erant
383 354 490 389 inter
519 351 590 389 hos
621 352 700 389 duo
730 355 895 390 iuvenes
924 365 1097 403 magnae
1127 353 1284 398 indolis,
1314 353 1365 391 de

175 412 373 450 nobilibus
405 413 642 464 Anglorum,
672 413 848 450 Edilhun
879 419 922 451 et
950 414 1167 464 Ecgberct,
1197 427 1366 465 quorum

175 477 282 525 prior
300 473 426 512 frater
444 474 522 513 fuit
548 475 737 519 Ediluini,
757 477 827 512 viri
849 488 978 526 aeque
1006 476 1095 513 Deo
1123 476 1273 521 dilecti,
1297 479 1365 527 qui

176 541 220 573 et
236 538 321 586 ipse
339 549 437 574 aevo
455 542 653 586 sequente
671 536 908 574 Hiberniam
925 539 1057 587 gratia
1073 537 1235 588 legendi
1253 538 1367 582 adiit,

178 603 220 636 et
239 598 344 636 bene
364 600 583 636 instructus
603 600 777 648 patriam
797 598 931 643 rediit,
952 604 1075 648 atque
1098 601 1306 649 episcopus
1325 602 1366 636 in

176 661 379 710 provincia
409 659 581 697 Lindissi
611 658 755 704 factus,
785 659 914 697 multo
944 660 1153 697 ecclesiam
1183 666 1366 711 tempore

177 722 420 759 nobilissime
438 724 557 759 rexit.
612 721 666 758 Hi
686 734 781 773 ergo
800 735 891 758 cum
911 727 1046 759 essent
1064 724 1106 759 in
1123 724 1367 759 monasterio

178 783 286 834 quod
318 783 456 834 lingua
488 782 718 820 Scottorum
751 782 1017 834 Rathmelsigi
1050 783 1291 833 appellatur,
1325 789 1367 820 et

177 858 315 882 omnes
336 847 430 882 socii
449 848 626 895 ipsorum
646 845 710 882 vel
728 844 977 882 mortalitate
997 844 1050 882 de
1069 843 1228 881 saeculo
1247 847 1367 894 rapti,

178 906 241 944 vel
264 919 337 956 per
362 906 439 943 alia
465 912 601 944 essent
625 906 712 943 loca
736 906 918 956 dispersi,
943 908 1116 955 correpti
1135 911 1230 944 sunt
1249 906 1366 944 ambo

178 968 316 1005 morbo
339 968 519 1005 eiusdem
539 967 811 1012 mortalitatis,
833 973 877 1005 et
896 970 1129 1019 gravissime
1150 966 1323 1004 adflicti:
1344 979 1366 1004 e

179 1030 321 1081 quibus
375 1029 590 1081 Ecgberct,
642 1032 746 1067 sicut
796 1028 893 1066 mihi
944 1028 1150 1067 referebat
1201 1028 1364 1080 quidam

179 1093 451 1129 veracissimus
475 1096 518 1129 et
538 1091 792 1129 venerandae
814 1092 976 1129 canitiei
996 1090 1210 1142 presbyter
1231 1092 1299 1140 qui
1320 1102 1364 1127 se

178 1152 278 1190 haec
301 1153 353 1190 ab
377 1155 462 1202 ipso
487 1152 645 1190 audisse
664 1151 919 1203 perhibebat,
939 1165 1031 1190 cum
1049 1165 1093 1190 se
1113 1154 1367 1189 aestimasset

180 1227 267 1252 esse
294 1217 547 1258 moriturum,
576 1226 759 1264 egressus
787 1219 850 1251 est
876 1215 1063 1263 tempore'
1085 1215 1286 1250 matutino
1313 1211 1365 1250 de

180 1275 361 1313 cubiculo
379 1277 421 1312 in
441 1288 520 1325 quo
539 1275 685 1312 infirmi
705 1275 981 1325 quiescebant,
1002 1280 1045 1312 et
1062 1274 1240 1312 residens
1259 1272 1364 1311 solus

181 1341 220 1375 in
239 1337 325 1375 loco
345 1342 586 1387 opportuno,
606 1339 741 1386 coepit
759 1336 920 1374 sedulus
941 1338 1118 1386 cogitare
1138 1335 1190 1373 de
1209 1334 1364 1372 actibus

181 1401 274 1444 suis,
313 1403 356 1436 et
393 1402 642 1448 conpunctus
680 1399 874 1435 memoria
910 1402 1167 1447 peccatorum
1203 1407 1364 1433 suorum

181 1460 324 1497 faciem
336 1459 508 1496 lacrimis
522 1458 728 1503 abluebat,
742 1463 865 1509 atque
878 1460 1020 1495 intimo
1034 1470 1084 1495 ex
1098 1457 1216 1495 eorde
1230 1456 1363 1495 Deum

180 1521 434 1572 precabatur,
462 1532 513 1558 ne
543 1518 673 1557 adhuc
700 1522 801 1557 mori
829 1518 1013 1563 deberet,
1040 1521 1272 1568 priusquam
1299 1516 1365 1556 vel

181 1584 419 1631 praeteritas
439 1580 707 1632 negligentias
727 1592 826 1631 quas
844 1582 886 1618 in
903 1582 1077 1630 pueritia
1094 1581 1176 1616 sive
1194 1577 1365 1617 infantia

183 1645 449 1688 commiserat,
482 1642 700 1693 perfectius
735 1654 786 1679 ex
819 1647 1003 1691 tempore
1036 1643 1267 1691 castigaret,
1303 1639 1365 1678 vel

184 1709 222 1742 in
243 1705 356 1742 bonis
378 1716 421 1742 se
443 1704 630 1754 operibus
651 1702 950 1740 habundantius
973 1707 1193 1739 exerceret.
1247 1701 1365 1738 Vovit

183 1768 307 1803 etiam
329 1771 482 1809 votum,
506 1767 601 1815 quia
623 1764 725 1802 adeo
748 1766 983 1814 peregrinus
1006 1765 1138 1800 vivere
1163 1761 1297 1806 vellet,
1319 1767 1368 1799 ut

184 1839 390 1877 nunquam
415 1828 456 1863 in
481 1825 652 1863 insulam
676 1827 718 1862 in
744 1837 823 1875 qua
849 1829 968 1862 natus
994 1829 1070 1868 est,
1095 1824 1137 1861 id
1163 1828 1239 1867 est,
1264 1822 1367 1860 Brit-

183 1890 350 1932 taniam,
382 1887 556 1931 rediret3
606 1888 700 1936 quia
730 1891 894 1937 praeter
925 1884 1159 1923 sollemnem
1191 1885 1368 1920 canonici

529 1991 544 2012 ²
565 1990 599 2024 N
601 1993 639 2023 ot
654 1990 824 2032 certainly
837 1989 1027 2022 identified.

181 2050 253 2096 486
