1473 2322
424 152 534 189 THE
571 151 904 189 VENERABLE
938 153 1087 190 BEDE

161 258 299 291 aetate
320 254 411 297 fuit,
433 266 559 303 usque
582 254 633 290 ad
652 267 769 291 suum
789 259 950 305 tempus
971 255 1222 305 perdurasse,
1243 259 1287 294 et
1305 268 1348 292 se

160 315 201 348 in
223 314 399 361 pueritia
420 312 565 350 vidisse
588 313 830 350 testabatur.

212 371 311 407 Erat
344 375 482 408 autem
513 370 721 421 praefatus
753 384 826 409 rex
858 371 1043 409 Reduald
1074 376 1175 409 natu
1206 371 1349 409 nobilis

161 428 385 478 quamlibet
419 433 513 467 actu
546 429 746 481 ignobilis,
781 430 883 467 filius
917 430 1056 481 Tytili,
1089 433 1199 468 cuius
1233 436 1351 481 pater

160 488 238 525 fuit
263 487 393 533 Vuffa,
419 502 443 526 a
467 502 546 539 quo
570 503 687 540 reges
713 489 981 527 Orientalium
1005 489 1230 540 Anglorum
1253 489 1351 526 Vuf-

161 548 287 599 fingas
312 547 531 598 appellant.
586 548 737 586 Verum
760 548 966 598 Eorpuald
988 562 1068 586 non
1090 548 1218 586 multo
1242 553 1351 599 post-

160 623 282 659 quam
296 610 418 648 fidem
433 612 589 660 accepit
603 614 801 660 tempore,
815 612 965 648 occisus
981 615 1045 648 est
1059 623 1083 647 a
1097 612 1179 648 viro
1193 609 1351 661 gentili,

161 671 321 707 nomine
346 669 580 713 Ricberct03
621 674 663 707 et
688 669 834 707 exinde
858 670 986 706 tribus
1012 671 1125 706 annis
1149 670 1352 719 provincia

159 731 200 764 in
230 742 361 767 errore
390 732 551 766 versata
579 733 654 772 est,
684 729 812 766 donee
842 730 999 778 accepit
1027 742 1197 778 regnum
1225 727 1352 765 frater

160 787 341 824 eiusdem
374 787 593 837 Eorpualdi
626 786 826 837 Sigberct,
860 789 918 823 vir
950 800 1022 836 per
1055 788 1189 823 omnia
1222 786 1352 823 Chris-

160 848 404 883 tianissimus
443 851 567 896 atque
607 846 874 889 doctissimus,
914 847 982 895 qui
1021 847 1182 883 vivente
1221 844 1352 882 adhuc

159 904 284 942 fratre
326 918 417 942 cum
460 904 646 943 exularet
684 906 726 941 in
769 903 914 948 Gallia,
956 903 1050 942 fidei
1091 906 1351 942 sacramentis

160 964 338 1001 imbutus
370 968 446 1008 est,
477 977 647 1014 quorum
675 965 929 1014 participem,
958 976 1052 1000 mox
1083 963 1152 1000 ubi
1180 976 1351 1014 regnare

158 1025 306 1073 coepit,
322 1027 453 1060 totam
469 1036 583 1060 suam
598 1024 844 1073 provinciam
858 1021 992 1060 faeere
1009 1024 1175 1059 curavit.
1230 1021 1351 1059 Cuius

160 1083 302 1120 studiis
337 1082 619 1133 gloriosissime
653 1081 755 1119 favit
790 1080 903 1120 Felix
939 1083 1162 1131 episcopus,
1197 1083 1266 1131 qui
1299 1081 1351 1118 de

159 1142 483 1192 Burgundiorum
509 1142 706 1192 partibus,
734 1141 803 1178 ubi
830 1144 941 1178 ortus
969 1144 1014 1178 et
1040 1140 1246 1178 ordinatus
1275 1144 1351 1184 est,

161 1214 251 1237 cum
286 1202 463 1239 venisset
497 1200 550 1238 ad
583 1200 806 1237 Honorium
841 1199 1197 1250 archiepiscopum,
1232 1201 1351 1249 eique

160 1260 377 1297 indicasset
409 1259 652 1297 desiderium
683 1272 815 1303 suum,
845 1260 956 1296 misit
987 1272 1080 1297 eum
1113 1259 1164 1296 ad
1194 1258 1352 1309 praedi-

159 1319 333 1356 candum
361 1320 529 1356 verbum
556 1321 664 1356 vitae
692 1317 902 1368 praefatae
930 1319 1085 1355 nationi
1113 1316 1349 1368 Anglorum.

162 1378 245 1416 Nec
279 1383 373 1415 vota
406 1380 528 1427 ipsius
561 1379 603 1414 in
636 1390 792 1414 cassum
830 1376 1034 1421 cecidere3
1083 1378 1181 1427 quin
1217 1378 1351 1426 potius

160 1437 335 1474 fructum
370 1440 410 1473 in
446 1450 494 1474 ea
528 1436 793 1486 multiplicem
827 1436 1080 1474 credentium
1114 1435 1352 1486 populorum

161 1499 248 1545 pius
279 1499 363 1546 agri
392 1494 580 1545 spiritalis
609 1495 738 1533 cultor
765 1497 932 1533 invenit.
986 1494 1194 1545 Siquidem
1221 1498 1352 1532 totam

161 1555 271 1591 illam
297 1557 541 1604 proxinciam
567 1558 683 1591 iuxta
708 1556 768 1592 sui
795 1556 965 1592 nominis
991 1558 1302 1598 sacramentum,
1329 1566 1352 1590 a

160 1614 280 1664 longa
295 1616 511 1664 iniquitate
528 1618 652 1664 atque
667 1613 906 1651 infelicitate
919 1612 1148 1658 liberatam,
1164 1614 1216 1651 ad
1231 1613 1352 1651 fidem

162 1677 205 1710 et
228 1686 351 1722 opera
372 1675 566 1717 iustitiae,
591 1686 637 1710 ac
659 1677 883 1723 perpetuae
906 1671 1111 1710 felicitatis
1136 1673 1241 1710 dona
1262 1686 1353 1723 per-

161 1733 291 1776 duxit,
336 1733 573 1782 accepitque
618 1732 757 1770 sedem
803 1733 1056 1782 episcopatus
1100 1734 1142 1769 in
1185 1734 1349 1769 civitate

163 1792 367 1828 Domnoc:
400 1795 443 1829 et
459 1804 551 1828 eum
569 1790 711 1829 decem
729 1804 774 1828 ac
791 1795 951 1841 septem
969 1804 1093 1828 annos
1112 1791 1245 1829 eidem
1260 1804 1349 1842 pro-

163 1852 314 1887 vinciae
356 1849 575 1900 pontificali
617 1852 812 1900 regimine
854 1854 1076 1900 praeesset,
1117 1850 1269 1889 ibidem
1309 1852 1349 1887 in

162 1922 260 1959 paee
282 1911 409 1946 vitam
431 1909 570 1946 finivit.

529 2004 543 2024 ²
567 2004 622 2036 On
636 2003 697 2035 the
714 2004 880 2036 mother's
895 2004 979 2037 side.

162 2070 232 2105 294
