1473 2322
489 146 601 184 THE
636 145 966 183 VENERABLE
1000 146 1147 184 BEDE

223 250 371 288 adiecit
387 252 527 300 regina
546 251 640 299 quia
657 249 708 287 de
726 248 891 299 pulvere
909 251 1131 298 pavimenti
1148 251 1190 286 in
1208 263 1287 300 quo
1306 263 1411 301 aqua

221 314 368 351 lavacri
404 313 508 351 illius
548 312 674 351 effusa
712 318 788 358 est,
827 312 945 350 multi
983 315 1064 350 iam
1103 316 1234 350 sanati
1274 320 1411 352 essent

222 378 379 416 infirmi.
434 378 492 415 At
516 377 584 415 illa
609 380 730 428 petiit
755 378 830 415 sibi
855 379 1083 427 portionem
1108 377 1282 427 pulveris
1308 378 1411 416 salu-

222 442 331 480 tiferi
350 443 458 486 dari3
494 448 536 480 et
556 444 769 492 accipiens,
788 441 999 492 inligatam
1018 454 1152 491 panno
1172 443 1352 480 condidit
1370 445 1411 480 in

222 506 410 557 capsella,
443 512 486 544 et
517 507 650 544 rediit.
703 506 923 543 Transacto
956 511 1095 544 autem
1126 512 1310 556 tempore
1344 507 1412 544 ali-

223 577 390 623 quanto,
424 585 515 608 cum
551 576 659 609 esset
700 573 741 607 in
787 584 858 608 suo
893 573 1151 616 monasterio,
1186 573 1298 609 venit
1332 570 1411 608 illic

223 636 387 687 quidam
415 635 574 685 hospes,
604 638 672 686 qui
700 634 857 672 solebat
885 637 1090 672 nocturnis
1118 637 1277 685 saepius
1305 634 1411 673 horis

222 706 392 751 repente
420 701 470 738 ab
496 700 689 737 inmundo
715 702 859 749 spiritu
884 701 1116 750 gravissime
1143 702 1302 737 vexari:
1343 704 1411 750 qui

222 779 313 803 cum
330 766 507 815 benigne
525 770 734 814 susceptus
753 769 845 814 post
862 777 1030 802 coenam
1048 766 1089 800 in
1105 762 1212 801 lecto
1228 766 1412 802 membra

223 832 435 880 posuisset,
449 830 582 866 subito
597 842 620 866 a
634 827 793 866 diabolo
808 833 1006 878 arreptus,
1019 827 1207 873 clamare,
1221 828 1411 866 dentibus

222 894 423 939 frendere,
438 907 639 944 spumare,
655 899 697 931 et
712 893 876 930 diversis
891 893 1067 930 motibus
1081 896 1216 943 coepit
1229 894 1412 931 membra

223 965 424 1009 torquere.
480 958 663 1008 Cumque
706 972 729 994 a
769 956 878 995 nullo
918 956 983 995 vel
1022 960 1153 995 teneri
1194 956 1257 996 vel
1296 957 1411 1008 ligari

222 1026 435 1074 potuisset,
466 1025 641 1060 cucurrit
671 1025 868 1067 minister,
900 1027 942 1060 et
973 1020 1135 1072 pulsans
1168 1022 1220 1059 ad
1249 1025 1411 1067 ostium,

222 1090 424 1125 nuntiavit
479 1088 720 1124 abbatissae.
776 1087 833 1123 At
886 1085 955 1122 illa
1009 1089 1193 1136 aperiens
1248 1089 1411 1124 ianuam

222 1155 469 1197 monasterii,
509 1154 635 1189 exivit
672 1154 757 1201 ipsa
798 1165 889 1188 cum
929 1165 1010 1188 una
1048 1150 1411 1188 sanctimonialium

221 1218 462 1256 feminarum
493 1217 545 1254 ad
571 1215 704 1254 locum
733 1219 929 1259 virorum3
974 1221 1017 1253 et
1047 1229 1216 1253 evocans
1244 1217 1411 1266 presby-

221 1288 369 1327 terum,
405 1284 563 1332 rogavit
599 1294 735 1319 secum
772 1283 908 1318 venire
946 1281 998 1318 ad
1034 1283 1272 1330 patientem.
1328 1280 1410 1318 Ubi

221 1361 312 1385 cum
332 1349 542 1385 venientes
562 1346 745 1384 viderent
766 1345 913 1383 multos
934 1345 1109 1383 adfuisse
1129 1348 1197 1396 qui
1217 1350 1410 1383 vexatum

222 1418 363 1450 tenere
400 1417 443 1449 et
477 1416 611 1448 motus
648 1412 732 1448 eius
768 1412 927 1447 insanos
962 1411 1226 1459 comprimere
1261 1412 1410 1449 conati,

221 1489 478 1527 nequaquam
504 1474 709 1519 valebant,
729 1475 891 1512 dicebat
915 1475 1130 1525 presbyter
1155 1476 1410 1519 exorcismos,

223 1547 266 1579 et
281 1554 467 1591 quaeque
484 1545 646 1590 poterat
662 1552 733 1589 pro
750 1539 929 1577 sedando
944 1541 1079 1576 miseri
1095 1538 1227 1576 furore
1245 1539 1407 1588 agebat.

221 1605 302 1643 Sed
333 1618 407 1643 nec
437 1607 538 1654 ipse,
570 1606 750 1654 quamvis
781 1602 955 1640 multum
985 1603 1184 1647 laborans,
1215 1602 1408 1652 proficere

222 1669 373 1720 aliquid
385 1668 559 1707 valebat.
614 1668 797 1718 Cumque
812 1667 867 1705 nil
881 1667 1019 1705 salutis
1034 1667 1184 1705 furenti
1199 1680 1408 1717 superesse

221 1735 440 1778 videretur,
456 1739 627 1783 repente
646 1735 757 1770 venit
774 1735 815 1769 in
833 1738 1015 1770 mentem
1034 1733 1261 1769 abbatissae
1279 1730 1408 1781 pulvis

221 1798 287 1836 ille
324 1797 545 1848 praefatus,
583 1799 804 1847 statimque
841 1799 957 1833 iussit
993 1798 1051 1833 ire
1087 1798 1327 1842 ministram,
1365 1803 1408 1835 et

266 1961 280 1981 ²
304 1961 323 1975 “
335 1961 426 2002 Sang
441 1961 510 1992 and
526 1961 607 1992 read
623 1960 682 1991 the
697 1970 837 2001 prayers
852 1959 1046 2001 prescribed
1061 1960 1114 1992 for
1130 1959 1199 1992 this
1217 1960 1405 1999 sickness,”

220 2005 401 2046 according
416 2008 453 2035 to
469 2004 529 2035 the
544 2003 621 2035 A.S.
639 2003 784 2041 version,
801 2003 853 2035 Pl.

220 2067 292 2113 380
