1473 2322
223 174 287 196 ou.

205 211 335 244 XXIV.

225 407 337 438 XXV.

205 516 338 548 XXVI.

185 669 336 701 XXVII.

163 821 332 853 XXVIII.

201 1016 337 1048 XXIX.

222 1211 337 1242 XXX.

166 2025 219 2060 xii

464 109 756 148 ELENCHUS
794 109 1046 147 CAPITUM

360 211 411 243 Ut
435 213 611 252 provincia
634 211 849 247 Merciorum,
873 213 984 242 occiso
1006 221 1083 251 rege
1107 210 1235 248 Penda,

405 254 507 286 fidem
543 254 669 286 Christi
703 255 914 295 susceperit:
962 256 998 285 et
1033 254 1140 286 Osuiu
1175 263 1236 294 pro

404 298 533 338 adepta
549 298 693 328 victoria
709 297 938 337 possessiones
952 300 989 327 et
1003 297 1176 327 tern'ton'a
1192 296 1236 327 ad

405 340 636 371 construenda
656 340 864 371 monasteria
885 338 1018 370 dederit
1037 339 1217 378 [655—658]

362 406 413 438 Ut
442 407 600 446 quaestio
632 406 678 437 sit
706 409 803 437 mota
834 405 876 436 de
904 408 1060 446 tempore
1090 404 1236 446 paschae

405 449 570 480 adversus
583 458 641 480 eos
655 449 714 489 qui
728 448 769 479 de
784 448 917 480 Scottia
931 450 1097 478 venerant
1111 447 1203 487 [664]
1223 471 1230 478 .

363 516 412 548 Ut
424 516 566 547 Colman
579 516 692 547 victus
699 515 841 547 domum
849 515 1005 552 redierit3
1018 517 1054 545 et
1065 514 1164 545 Tuda
1177 524 1236 555 pro

404 559 463 590 illo
484 560 685 600 episcopatu
707 559 753 589 sit
774 558 937 589 functus:
972 557 1151 598 qualisque
1170 557 1237 588 illis

406 601 604 633 doctoribus
621 601 726 632 fuerit
743 600 882 632 habitus
898 600 1059 631 ecelesiae
1076 601 1169 640 [664]
1223 624 1231 631 .

361 669 410 700 Ut
423 668 605 709 Ecgberc-t,
618 669 670 699 vir
680 670 821 699 sanctus
833 668 874 698 de
886 668 1027 698 natione
1038 666 1236 707 Anglorum,

406 711 643 794 ῗέἓὲῗξξὲῇειω
678 711 715 742 in
750 710 917 742 Hibernia
954 711 1063 741 vitam
1099 709 1237 740 duxerit

361 821 411 853 Ut
434 820 598 851 defuncto
621 820 730 856 Tuda,
753 819 878 851 Vilfrid
899 820 934 850 in
957 819 1078 856 Gallia,
1101 818 1238 850 ceadda

407 864 500 904 apud
533 863 770 894 Occidentales
801 862 964 897 Saxones,
996 863 1031 893 in
1062 863 1238 903 provincia

406 905 775 988 &affianliymbrorum
807 906 876 936 sint
907 905 1058 936 ordinati
1087 905 1236 946 episcopi

361 1016 411 1048 Ut
428 1016 580 1056 vighard
598 1015 778 1056 presbyter
789 1015 999 1046 ordinandus
1011 1015 1046 1046 in
1057 1014 1237 1055 arehiepis-

407 1069 531 1099 copum
565 1058 714 1089 Romam
744 1058 786 1089 de
813 1058 987 1090 Brittania
1017 1058 1063 1088 sit
1091 1058 1214 1088 missus
1228 1069 1236 1088 t

408 1112 509 1141 quem
522 1102 663 1132 remissa
679 1111 759 1132 mox
775 1102 903 1142 scripta
920 1110 1030 1141 papae
1046 1100 1237 1141 apostolici,

407 1145 534 1175 ibidem
555 1144 678 1175 obiisse
697 1144 914 1174 narraverint
934 1143 1026 1183 [667]

362 1211 411 1243 Ut
426 1210 617 1242 Orientales
629 1209 780 1242 Saxones
792 1213 947 1250 tempore
959 1209 1182 1240 mortalitatis
1193 1208 1238 1240 ad

408 1254 605 1284 idolatriam
648 1254 785 1289 reversi,
830 1253 889 1284 sed
934 1262 993 1293 per
1035 1252 1238 1283 instantiam

408 1297 608 1327 Iarumanni
642 1296 792 1337 episcopi
826 1305 907 1326 mox
940 1296 1010 1326 sint
1047 1294 1091 1325 ab
1127 1304 1238 1325 errore

409 1340 552 1370 correcti
567 1340 659 1379 [665]
678 1363 685 1370 .

1270 171 1345 193 nme

1281 339 1345 369 448

1281 448 1345 477 456

1281 601 1345 630 478

1223 777 1230 784 .
1281 753 1345 782 484

1223 971 1232 979 .
1282 948 1346 977 490

1224 1166 1232 1175 .
1283 1143 1345 1173 494

1225 1361 1234 1370 .
1284 1337 1346 1368 502
