1473 2322
421 134 532 171 THE
569 133 901 171 VENERABLE
937 134 1084 173 BEDE

162 239 431 286 possessiones
450 238 491 272 in
510 249 626 274 usum
645 249 784 273 eorum
803 238 872 286 qui
892 241 1008 275 erant
1025 250 1117 275 cum
1136 240 1347 289 episcopis,

163 299 322 336 adiecit.

211 358 441 397 Defunctus
470 363 533 396 est
559 363 699 396 autem
725 357 817 397 Deo
845 359 1015 398 dilectus
1042 364 1161 410 pater
1187 361 1347 412 Augus-

162 423 283 464 tinus,
305 424 348 457 et
367 422 545 469 positum
571 433 714 469 corpus
735 422 820 458 eius
847 420 968 464 foras,
991 423 1108 458 iuxta
1137 421 1348 459 ecclesiam

160 482 373 519 beatorum
405 480 677 531 apostolorum
710 480 820 518 Petri
853 486 895 519 et
928 480 1055 526 Pauli,
1085 485 1196 520 cuius
1227 496 1348 533 supra

159 545 429 587 meminimus,
461 544 555 592 quia
587 555 636 580 ea
667 543 840 580 necdum
878 542 1013 581 fuerat
1043 543 1241 593 perfecta,
1272 558 1348 582 nec

159 605 361 642 dedicata.
417 603 517 641 Mox
540 617 634 642 vero
657 609 704 641 ut
725 604 914 642 dedicata
936 609 1013 649 est,
1035 607 1141 642 intro
1162 605 1347 651 inlatum,

160 670 203 704 et
222 668 262 703 in
284 668 440 716 porticu
460 665 564 704 illius
583 665 801 716 aquilonali
822 667 1016 705 decenter
1035 666 1241 716 sepultum
1261 672 1347 706 est:

158 729 199 764 in
222 741 302 778 qua
325 729 451 765 etiam
473 730 730 777 sequentium
755 727 1145 778 archiepiscoporum
1168 731 1348 766 omnium

158 793 253 827 sunt
268 802 434 839 corpora
450 788 667 833 tumulata,
683 794 847 838 praeter
862 789 1032 826 duorum
1048 790 1348 835 tantummodo,

158 851 200 888 id
229 855 306 895 est,
335 849 534 887 Theodori
565 854 607 887 et
636 849 882 894 Berctualdi‚
912 863 1082 900 quorum
1111 864 1278 901 corpora
1306 853 1347 888 in

157 914 245 962 ipsa
266 910 436 949 ecclesia
457 913 589 961 posita
609 916 718 956 sunt,
741 925 788 949 eo
811 912 919 962 quod
939 912 1149 962 praedicta
1170 914 1346 962 porticus

157 973 273 1024 plura
298 986 444 1023 capere
471 975 667 1023 nequivit.
723 973 862 1011 Habet
888 972 988 1011 haec
1013 975 1054 1010 in
1080 974 1214 1012 medio
1241 987 1346 1023 pene

157 1038 218 1074 sui
238 1035 367 1074 altare
386 1038 427 1072 in
446 1034 597 1072 honore
616 1036 726 1072 beati
746 1048 877 1085 papae
897 1034 1081 1085 Gregorii
1100 1035 1347 1082 dedicatum,

157 1099 198 1134 in
221 1110 300 1148 quo
320 1110 393 1147 per
417 1110 537 1134 omne
557 1097 773 1134 sabbatum
795 1095 845 1133 al
875 1097 1115 1146 presbytero
1144 1095 1219 1134 loci
1243 1096 1346 1136 illius

157 1159 341 1210 agendae
376 1172 516 1197 eorum
550 1157 785 1196 solemniter
819 1157 1089 1195 celebrantur.
1143 1157 1346 1208 Scriptum

157 1234 251 1259 vero
276 1224 339 1258 est
364 1222 405 1257 in
439 1220 583 1257 tumba
618 1219 801 1257 eiusdem
836 1220 1056 1270 Augustini
1093 1219 1345 1270 epitaphium

157 1282 407 1320 huiusmodi:

206 1343 231 1358 “
250 1343 327 1380 Hic
341 1345 557 1393 requiescit
573 1342 742 1380 domnus
758 1343 1011 1393 Augustinus
1023 1341 1345 1382 Doruvernensis

158 1407 477 1457 archiepiscopus
495 1409 660 1456 primus,
678 1408 745 1456 qui
762 1405 857 1443 olim
875 1405 951 1443 huc
969 1419 992 1442 a
1008 1406 1131 1444 beato
1149 1405 1345 1457 Gregorio

157 1470 362 1507 Romanae
376 1469 484 1506 urbis
498 1467 688 1518 pontifice
703 1468 893 1511 directus,
909 1472 951 1506 et
966 1481 989 1504 a
1003 1467 1093 1506 Deo
1108 1471 1344 1518 operatione

156 1529 438 1568 miraculorum
490 1527 691 1573 suffultus,
745 1528 1052 1566 Aedilberctum
1105 1542 1245 1579 regem
1299 1542 1345 1567 ac

156 1597 324 1644 gentem
356 1591 460 1629 illius
494 1592 545 1628 ab
577 1590 775 1628 idolorum
808 1590 919 1627 cultu
953 1590 1005 1628 ad
1039 1590 1187 1628 Christi
1222 1590 1343 1628 fidem

156 1654 361 1704 perduxit,
398 1657 441 1690 et
475 1651 685 1701 completis
723 1654 764 1689 in
801 1665 901 1702 pace
938 1652 1080 1689 djebus
1117 1652 1232 1689 officii
1268 1654 1343 1697 sui,

158 1715 372 1754 defunctus
396 1719 459 1752 est
482 1716 655 1764 septimo
682 1713 876 1752 kalendas
902 1713 1053 1759 Iunias,
1078 1713 1222 1752 eodem
1245 1727 1342 1765 rege

157 1774 395 1828 regnante.”

597 1852 608 1871 1
632 1863 653 1884 a
669 1852 836 1894 supplied,
853 1852 904 1884 Pl.

156 2053 227 2090 216
