1473 2322
432 145 543 182 THE
581 143 912 182 VENERABLE
948 144 1096 182 BEDE

172 248 414 286 ordinatum.
469 247 629 285 Esurire
645 261 834 298 namque,
851 250 975 292 sitire,
991 253 1191 292 aestuare,
1207 247 1356 297 algere,

172 309 402 354 lassescere,
428 322 479 346 ex
504 308 739 347 infirmitate
766 314 935 346 naturae
963 315 1037 347 est.
1091 309 1147 346 Et
1172 309 1269 358 quid
1295 312 1358 346 est

174 370 295 415 aliud,
322 375 462 408 contra
488 369 638 408 famem
666 370 873 415 alimenta,
900 376 1039 407 contra
1066 373 1175 407 sitim
1201 375 1357 420 potum,

173 437 313 469 contra
343 437 501 470 aestum
532 445 662 475 auras,
693 437 833 469 contra
862 431 987 482 frigus
1019 437 1188 476 vestem,
1219 436 1359 468 contra

173 493 299 544 frigus
315 499 486 537 vestem,
502 499 643 530 contra
658 493 936 531 lassitudinem
952 495 1133 543 requiem
1150 506 1358 543 quaerere,

173 557 248 592 nisi
294 555 638 592 medicamentum
686 555 850 605 quidem
897 560 1038 592 contra
1085 554 1358 606 aegritudines

174 615 411 667 explorare?
465 616 656 654 Feminae
684 619 824 666 itaque
854 621 897 655 et
924 621 1154 654 menstruus
1183 617 1243 653 sui
1271 628 1359 652 san-

174 680 305 729 guinis
323 677 454 715 fluxus
473 678 685 729 aegritudo
704 684 779 715 est.
833 677 873 715 Si
891 680 1015 728 igitur
1032 678 1137 716 bene
1155 690 1360 727 praesum-

174 742 227 777 sit
262 753 366 790 quae
402 742 690 777 vestimentum
727 739 890 776 Domini
925 742 967 776 in
1001 739 1194 789 languore
1229 741 1361 789 posita

174 804 328 852 tetigit,
349 801 458 852 quod
478 804 547 838 uni
567 814 763 851 personae
783 801 1003 838 infirmanti
1024 800 1271 843 conceditur,
1292 813 1360 837 cur

175 876 254 900 non
291 863 536 900 concedatur
573 865 726 900 cunctis
763 862 1011 907 mulieribus,
1049 875 1154 913 quae
1190 867 1360 899 naturae

176 937 271 962 suae
296 926 393 961 vitio
417 924 698 961 infirmantur?

226 985 440 1024 “Sanctae
495 991 633 1023 autem
686 988 976 1023 communionis
1029 987 1267 1036 mysterium
1320 987 1360 1021 in

176 1048 328 1086 eisdem
363 1048 504 1085 diebus
538 1050 745 1098 percipere
780 1061 860 1085 non
895 1048 1020 1085 debet
1053 1046 1267 1097 prohiberi.
1321 1045 1360 1083 Si

176 1114 315 1147 autem
339 1122 389 1147 ex
412 1112 673 1147 veneratione
696 1122 845 1160 magna
867 1112 1074 1159 percipere
1098 1122 1178 1146 non
1200 1121 1361 1158 praesu-

175 1174 264 1215 mit,
284 1170 488 1208 laudanda
509 1177 594 1215 est3
629 1171 700 1208 scd
720 1174 751 1207 si
773 1174 1014 1221 perceperit,
1035 1184 1113 1207 non
1135 1170 1359 1208 iudicanda.

174 1232 376 1270 Bonarum
407 1235 557 1283 quippe
587 1235 786 1271 mentium
817 1239 893 1277 est,
925 1238 967 1271 et
996 1233 1050 1269 ibi
1081 1232 1214 1282 aliquo
1242 1231 1362 1269 modo

176 1295 312 1344 culpas
330 1308 421 1332 suas
441 1308 673 1345 agnoscere,
692 1295 759 1332 ubi
778 1294 895 1345 culpa
913 1307 993 1331 non
1012 1300 1097 1338 est3
1129 1296 1224 1344 quia
1240 1307 1362 1344 saepe

176 1359 261 1394 sine
286 1356 403 1406 culpa
428 1358 562 1407 agitur
586 1357 694 1407 quod
717 1359 830 1395 venit
854 1369 904 1394 ex
928 1356 1068 1406 culpa:
1106 1356 1214 1394 unde
1238 1358 1361 1394 etiam

175 1431 267 1455 cum
305 1420 515 1462 esurimus,
552 1420 638 1456 sine
675 1417 793 1468 culpa
829 1418 1092 1462 comedimus,
1129 1418 1274 1468 quibus
1311 1430 1361 1455 ex

175 1479 293 1530 culpa
310 1482 428 1530 primi
447 1479 618 1517 hominis
636 1478 790 1517 factum
810 1485 873 1518 est
891 1485 938 1517 ut
957 1482 1189 1517 esuriamus.
1245 1479 1362 1517 Men-

176 1547 287 1579 strua
313 1544 421 1579 enim
446 1541 697 1579 consuetudo
721 1541 956 1579 mulieribus
981 1554 1062 1578 non
1088 1540 1222 1591 aliqua
1246 1540 1363 1591 culpa

177 1609 253 1648 est,
280 1603 469 1641 videlicet
495 1616 600 1654 quae
628 1603 868 1641 naturaliter
895 1603 1063 1641 accedit.
1118 1602 1198 1641 Sed
1224 1608 1363 1641 tamen

176 1665 285 1716 quod
304 1670 450 1702 natura
468 1667 555 1715 ipsa
573 1667 632 1702 ita
652 1667 796 1703 vitiata
815 1670 892 1709 est,
912 1670 958 1702 ut
978 1667 1103 1703 etiam
1122 1667 1208 1703 sine
1226 1664 1363 1702 volun-

177 1730 274 1765 tatis
307 1727 441 1764 studio
476 1727 661 1764 videatur
695 1740 782 1765 esse
815 1726 983 1777 polluta,
1018 1740 1068 1764 ex
1102 1726 1219 1777 culpa
1252 1729 1363 1765 venit

177 1791 332 1834 vitium,
353 1791 394 1826 in
417 1802 496 1839 quo
518 1802 561 1826 se
583 1791 684 1838 ipsa,
706 1788 834 1839 qualis
856 1802 929 1838 per
950 1789 1140 1826 iudicium
1162 1787 1271 1825 facta
1296 1791 1362 1833 sit,

176 1850 353 1888 humana
389 1855 534 1888 natura
570 1855 797 1901 cognoscat.
852 1850 908 1887 Et
944 1849 1063 1887 homo
1099 1852 1167 1900 qui
1203 1849 1362 1900 culpam

176 1918 321 1963 sponte
356 1914 620 1962 perpetrant,
656 1918 815 1949 reatum
851 1911 992 1961 culpae
1027 1917 1165 1961 portet
1199 1913 1359 1949 invitus.

177 1975 316 2025 Atque
337 1974 429 2012 ideo
450 1972 626 2012 feminae
648 1986 739 2011 cum
761 1979 891 2012 semet
912 1975 1007 2022 ipsis
1028 1972 1297 2017 considerent,
1319 1979 1361 2010 et

186 2064 253 2110 138
