1473 2322
370 127 482 165 THE
519 125 848 164 VENERABLE
884 124 1031 163 BEDE

569 278 686 317 CAP.
717 279 818 316 VIII

115 368 164 405 Ut
197 365 418 418 Bonq'fatz'us
447 379 553 417 papa
586 364 691 402 Iusto
725 364 926 402 successori
960 364 1039 402 eius
1069 364 1227 415 pallium
1262 370 1296 402 et

558 417 750 469 epistolam
770 417 920 455 miserit.

158 507 235 544 Cm
266 507 406 543 statim
437 506 630 543 successit
659 506 701 541 in
731 502 1013 554 pontificatum
1046 503 1196 548 Iustus,
1227 505 1296 554 qui

109 564 197 598 erat
250 558 459 596 Hrofensis
513 557 707 596 ecclesiae
760 559 985 606 episcopus.
1041 556 1104 593 Illi
1157 561 1295 595 autem

109 612 303 651 ecclesiae
335 612 561 649 Romanum
592 623 664 660 pro
695 623 738 648 se
769 611 1018 648 consecravit
1049 611 1297 659 episcopum,

109 666 207 704 data
228 666 302 703 sibi
325 664 536 702 ordinandi
560 665 767 714 episcopos
791 665 1036 700 auctoritate
1060 676 1083 699 a
1104 662 1296 712 pontifice

109 719 325 762 Bonifatio,
346 731 468 768 quem
488 729 759 755 successorem
779 715 902 754 fuisse
923 714 1155 754 Deusdedit
1175 728 1297 765 supra

108 774 386 815 meminimus3
420 773 531 808 cuius
553 771 805 807 auctoritatis
825 771 903 807 ista
923 773 987 807 est
1006 768 1157 806 forma:

161 825 184 839 “
205 825 477 863 Dilectissimo
525 823 641 860 fratri
689 823 825 866 Justo,
873 821 1112 860 Bonifatius.
1165 820 1297 869 Quam

111 879 273 923 devote,
323 890 526 928 quamque
577 878 701 914 etiam
751 874 966 925 vigilanter
1013 888 1085 925 pro
1135 874 1283 913 Christi

111 930 333 982 Evangelio
355 930 622 969 elaboraverit
643 932 778 967 vestra
798 928 1047 972 fraternitas,
1068 941 1148 965 non
1169 927 1295 966 solum

111 984 306 1035 epistolae
322 997 344 1021 a
358 984 469 1021 vobis
483 983 661 1021 directae
675 986 807 1026 tenor,
819 983 942 1019 immo
955 981 1112 1019 indulta
1125 981 1297 1031 desuper

111 1040 224 1089 operi
257 1041 391 1075 vestro
425 1036 621 1087 perfectio
654 1036 859 1073 indicavit.
914 1034 998 1073 Nec
1032 1037 1139 1073 enim
1173 1037 1297 1072 omni-

112 1096 256 1142 potens
294 1089 423 1135 Deus,
463 1094 534 1127 aut
571 1091 631 1127 sui
668 1090 839 1126 nominis
877 1092 1189 1133 sacramentum,
1227 1092 1298 1125 aut

112 1147 234 1183 vestri
261 1144 438 1181 fructum
464 1143 611 1180 laboris
639 1142 832 1186 deseruit,
859 1141 955 1179 dum
981 1143 1068 1191 ipse
1094 1141 1298 1191 praedica-

112 1199 266 1236 toribus
306 1196 515 1248 Evangelii
554 1194 728 1233 fideliter
759 1196 1011 1244 repromisit:
1057 1194 1190 1233 ‘Ecce
1222 1207 1298 1245 ego

113 1253 317 1289 vobiscum
350 1263 439 1288 sum
472 1250 657 1287 omnibus
692 1249 834 1286 diebus
868 1261 996 1298 usque
1031 1247 1083 1285 ad
1115 1261 1298 1286 consum-

115 1307 335 1342 mationem
361 1301 539 1341 saeculi!
592 1301 712 1349 Quod
737 1300 966 1351 specialiter
986 1303 1166 1338 iniuncto
1187 1301 1298 1339 vobis

112 1359 334 1396 ministerio
378 1359 462 1394 eius
503 1355 721 1393 clementia
763 1354 1070 1399 demonstravit,
1112 1356 1297 1404 aperiens

113 1412 232 1450 corda
246 1413 431 1462 gentium
448 1409 499 1447 ad
510 1408 807 1459 suscipiendum
819 1407 1128 1458 praedicationis
1140 1412 1296 1445 vestrae

114 1464 316 1516 singulare
346 1464 598 1513 mysterium.
655 1461 809 1512 Magno
840 1463 948 1499 enim
977 1462 1157 1510 praemio
1187 1460 1298 1498 fasti-

113 1521 270 1570 giorum
309 1521 532 1554 vestrorum
572 1514 856 1553 delectabilem
894 1527 1068 1558 cursum,
1106 1514 1299 1552 bonitatis

114 1585 211 1610 suae
253 1570 449 1621 suffragiis
491 1568 720 1612 illustravit,
763 1567 859 1605 dum
901 1567 1145 1606 creditorum
1187 1567 1298 1605 vobis

113 1624 361 1663 talentorum
385 1621 640 1660 fidelissimae
664 1622 950 1671 negotiationis
973 1620 1108 1658 officiis
1132 1621 1299 1658 uberem

114 1678 291 1716 fructum
316 1676 555 1726 impendens
582 1677 631 1717 ei,
656 1674 764 1724 quod
788 1676 948 1724 signare
970 1675 1141 1723 possetis
1163 1672 1298 1710 multi-

114 1730 272 1782 plicatis
293 1729 636 1780 generationibus,
655 1729 923 1778 praeparavit.
977 1726 1146 1777 Hocque
1174 1728 1298 1764 etiam

116 1783 184 1822 illa
215 1784 326 1821 vobis
359 1783 642 1832 repensatione
675 1780 865 1818 collatum
899 1783 975 1823 est,
1008 1792 1088 1830 qua
1118 1781 1298 1817 iniuncto

244 1944 256 1963 ¹
280 1941 407 1975 Matth.
424 1941 545 1973 xxviii.
562 1940 615 1973 20.
885 1940 899 1958 ²
920 1937 1015 1970 Luke
1029 1939 1100 1971 xix.
1118 1939 1168 1972 15.

116 2066 186 2100 240
