1473 2322
434 122 545 160 THE
582 120 912 159 VENERABLE
947 121 1094 159 BEDE

191 228 361 276 pestatis
380 225 483 262 illius
504 227 651 269 nescia,
671 229 715 263 et
739 226 963 274 praesentis
989 223 1117 261 solum
1142 227 1373 262 serenitatis

191 284 345 317 statum
383 283 567 328 experta,
603 280 662 315 ita
698 283 844 315 cuncta
881 280 1062 315 veritatis
1104 290 1150 315 ac
1188 276 1374 327 justitiae

189 333 466 370 moderamina
481 344 672 368 concussa
687 344 733 369 ac
748 332 940 368 subversa
954 337 1062 376 sunt,
1079 336 1124 368 ut
1140 344 1278 369 earum
1294 344 1374 368 non

191 387 322 424 dicam
343 388 573 436 vestigium,
594 385 666 422 sed
686 398 737 422 ne
752 387 946 422 memoria
960 385 1138 434 quidem,
1154 390 1316 434 praeter
1331 387 1371 421 in

189 442 342 490 paucis,
374 444 418 477 et
449 438 564 476 valde
597 440 733 488 paucis
765 437 846 475 ulla
877 443 1104 488 appareret.
1158 437 1237 484 Qui
1269 440 1375 476 inter

191 493 270 530 alia
302 492 628 530 inenarrabilium
656 491 852 529 scelerum
881 490 1003 535 facta,
1032 503 1136 542 quae
1165 491 1374 529 historicus

191 560 331 585 eorum
353 546 494 583 Gildus
516 545 638 583 flebili
659 558 844 583 sermone
866 545 1071 589 describit,
1093 550 1136 582 et
1157 544 1231 582 hoc
1253 545 1375 583 adde-

190 601 305 644 bant,
336 605 382 637 ut
411 612 632 649 numquam
661 601 775 649 genti
805 598 1009 635 Saxonum
1038 601 1121 636 sive
1151 598 1375 648 Anglorum

190 666 327 692 secum
343 653 583 690 Brittaniam
598 652 803 695 incolenti,
815 653 981 690 verbum
998 651 1091 689 fidei
1106 652 1375 701 praedicando

191 710 508 745 committerent.
561 705 641 743 Sed
660 718 739 743 non
757 711 896 743 tamen
908 706 1048 743 *divina
1065 707 1196 754 pietas
1213 705 1375 755 plebem

191 774 321 805 suam,
334 773 456 810 quam
471 762 697 809 praescivit,
712 760 905 802 deseruit,
920 761 1016 809 quin
1032 758 1159 795 multo
1174 759 1375 809 digniores

193 817 307 865 genti
335 819 584 851 memoratae
602 825 821 864 praecones
850 815 1045 858 veritatis,
1063 825 1136 863 per
1165 825 1264 863 quos
1291 825 1375 850 cre-

193 868 324 912 deret,
343 868 574 905 destinavit.

644 1143 761 1182 OAP.
798 1144 940 1180 XXIII

200 1226 250 1263 Ut
264 1231 413 1262 sancius
424 1239 529 1276 papa
548 1225 751 1275 Gregorius
766 1224 1012 1275 Augustinum
1028 1237 1108 1261 cum
1126 1224 1313 1261 monachis
1328 1224 1377 1260 ad

290 1278 583 1330 praedicandum
625 1279 728 1329 genti
773 1278 977 1329 Anglorum
1023 1277 1180 1322 mittens,
1222 1277 1377 1328 epistola

294 1345 439 1384 quoque
460 1332 546 1370 illos
568 1332 817 1369 exhortatoria
839 1344 885 1369 ne
909 1345 933 1368 a
956 1330 1158 1369 laborando
1180 1337 1377 1377 cessarent,

294 1386 569 1438 confortaverit.

244 1466 445 1509 SIQUIDEM
465 1480 570 1504 anno
590 1467 641 1504 ab
660 1469 934 1504 incarnatione
955 1465 1118 1502 Domini
1137 1468 1377 1517 quingente-

193 1523 294 1558 simo
332 1523 578 1571 octogesimo
615 1520 805 1565 secundo,
845 1519 1064 1556 Mauricius
1102 1519 1154 1556 ab
1191 1520 1377 1570 Augusto

195 1576 551 1625 quinquagesimus
570 1579 736 1624 quartus
754 1576 967 1622 imperium
985 1574 1218 1622 suscipiens,
1237 1575 1378 1623 viginti

197 1633 240 1665 et
280 1642 360 1665 uno
401 1630 514 1665 annis
555 1630 702 1665 tenuit.
757 1627 879 1664 Cuius
920 1639 1025 1663 anno
1065 1629 1180 1677 regni
1220 1626 1376 1664 decimo

197 1680 428 1732 Gregorius,
452 1684 510 1718 vir
534 1681 716 1719 doctrina
736 1686 779 1718 et
798 1682 956 1718 actione
976 1683 1228 1730 praecipuus,
1247 1682 1379 1730 ponti-

196 1734 360 1772 ficatum
389 1734 595 1772 Romanae
615 1740 658 1772 et
686 1733 930 1784 apostolicae
960 1734 1066 1771 sedis
1085 1735 1250 1770 sortitus
1269 1736 1376 1771 rexit

195 1801 321 1826 annos
356 1789 553 1826 tredecim
589 1801 748 1826 menses
784 1800 856 1825 sex
894 1792 938 1825 et
973 1787 1058 1825 dies
1095 1787 1260 1830 decem3
1310 1788 1378 1837 qui

195 1841 330 1879 divino
374 1842 603 1880 admonitus
647 1844 841 1878 instinctu
885 1853 990 1877 anno
1034 1840 1190 1878 decimo
1234 1846 1378 1890 quarto

248 1969 260 1988 ยน
283 1968 377 1999 More
393 1966 588 2008 commonly
605 1966 733 1999 Gildas.

247 2013 258 2031 2
284 2010 379 2043 With
401 2010 461 2042 the
483 2011 617 2051 coming
639 2010 675 2043 of
695 2009 887 2050 Augustine
908 2008 968 2040 the
987 2008 1230 2050 introductory
1251 2011 1380 2040 matter

206 2077 274 2103 100
