1473 2322
452 176 563 213 THE
599 175 855 214 VENERAB
861 176 930 214 LE
964 175 1112 214 BEDE

193 282 320 317 siones
353 278 609 329 praediorum
644 278 695 315 ad
728 278 998 315 construenda
1030 280 1275 316 monasteria
1308 277 1377 316 do-

191 339 329 370 naret:
369 339 411 370 et
436 335 490 369 sic
515 345 605 369 cum
631 335 868 381 paucissimo
894 335 1073 370 exercitu
1099 346 1141 370 se
1166 333 1377 369 certamini

191 387 316 424 dedit.
372 386 560 435 Denique
584 385 714 423 fertur
737 389 830 436 quia
854 389 988 423 tricies
1012 389 1204 423 maiorem
1229 387 1376 435 pagani

190 440 406 478 habuerint
424 443 670 484 exercitum3
702 440 901 489 siquidem
920 443 993 489 ipsi
1013 442 1181 489 triginta
1200 439 1377 489 legiones

190 495 358 532 ducibus
401 493 653 531 nobilissimis
696 496 912 530 instructas
954 496 993 530 in
1037 493 1143 530 bello
1185 492 1377 538 habuere,

191 549 335 598 quibus
357 547 484 585 Osuiu
507 561 575 585 rex
599 561 689 584 curn
712 547 919 585 Alchfrido
942 547 1034 584 filio.
1056 560 1310 597 perparvum,
1333 552 1378 584 ut

191 603 288 646 dixi,
320 601 473 639 habens
507 604 744 645 exercitum,
777 602 848 639 sed
881 601 1040 638 Christo
1073 601 1174 638 duce
1207 601 1377 638 confisus

190 658 372 693 occurrit.
428 655 531 692 Nam
559 655 658 692 alius
686 655 788 692 filius
816 658 900 693 eius
928 654 1091 704 Ecgfrid
1118 669 1166 693 eo
1193 661 1377 704 tempore

190 713 229 747 in
251 712 452 760 provincia
475 709 717 747 Mereiorum
739 709 846 759 apud
866 711 1045 759 reginam
1067 709 1241 759 Cynuise
1261 710 1378 746 obses

189 765 420 802 tenebatur.
476 762 597 800 Filius
635 769 773 800 autem
812 763 979 800 Osualdj
1017 765 1122 813 regis
1160 762 1378 807 oidiluald,

190 820 258 868 qui
282 820 338 855 eis
362 816 509 854 auxilio
533 830 620 854 esse
644 817 857 861 debuerat,
880 819 918 854 in
944 822 1058 865 parte
1083 822 1171 854 erat
1194 817 1378 854 adversa-

190 874 351 915 riorum,
374 871 608 920 eisdemque
629 877 770 907 contra
791 873 963 920 patriam
987 876 1029 907 et
1051 877 1240 919 patruum
1262 884 1377 907 suum

190 927 427 975 pugnaturis
453 925 596 962 ductor
621 927 851 967 exstiterat,
877 926 1057 973 quamvis
1085 927 1168 974 ipso
1194 930 1378 974 tempore

190 979 397 1029 pugnandi
442 992 530 1016 sese
576 991 738 1028 pugnae
783 978 1057 1022 subtraxerat,
1103 985 1377 1028 eventumque

190 1034 425 1070 discriminis
464 1038 555 1070 tuto
595 1035 635 1069 in
675 1032 760 1068 loco
802 1032 1080 1081 exspectabat.
1136 1031 1242 1070 Inito
1282 1045 1378 1082 ergo

189 1090 410 1125 certamine
439 1085 570 1136 fugati
600 1091 696 1123 sunt
726 1091 769 1123 et
798 1088 902 1123 caesi
934 1088 1096 1136 pagani,
1125 1086 1248 1124 duces
1278 1089 1377 1136 regii

189 1144 358 1191 triginta
379 1143 446 1191 qui
469 1141 520 1178 ad
541 1139 733 1177 auxilium
755 1145 951 1177 venerant
972 1153 1076 1189 pene
1097 1153 1236 1178 omnes
1256 1142 1379 1178 inter-

188 1195 308 1233 fecti:
343 1197 383 1232 in
405 1195 549 1244 quibus
571 1193 777 1231 Aedilheri
799 1193 924 1231 frater
945 1194 1088 1232 Annae
1111 1197 1215 1244 regis
1237 1193 1379 1232 Orien-

188 1248 331 1286 talium
352 1248 576 1294 Anglorum
599 1250 664 1297 qui
688 1253 778 1297 post
800 1261 892 1285 eum
913 1250 1113 1297 regnavit,
1133 1254 1273 1285 auctor
1293 1251 1378 1298 ipse

188 1302 298 1347 belli,
337 1303 505 1352 perditis
543 1301 738 1338 militibus
788 1304 870 1339 sive
914 1301 1070 1338 auxiliis
1109 1304 1378 1352 interemptus

190 1356 305 1395 est:1
328 1362 371 1394 et
394 1358 488 1406 quia
510 1369 634 1405 prope
658 1355 822 1392 fluvium
845 1355 1029 1393 Vinuaed
1052 1362 1277 1405 pugnatum
1302 1361 1378 1401 est,

190 1413 257 1461 qui
294 1416 392 1448 tunc
429 1424 525 1460 prae
562 1410 801 1446 inundantia
838 1409 1061 1458 pluviarum
1099 1409 1181 1447 late
1220 1409 1378 1448 alveum

189 1478 305 1502 suum
330 1467 451 1501 immo
476 1477 615 1501 omnes
639 1466 744 1511 ripas
769 1477 859 1500 suas
884 1466 1114 1508 transierat,
1137 1466 1309 1511 contigit
1332 1469 1378 1501 ut

190 1519 316 1556 multo
331 1518 466 1568 plures
482 1531 587 1568 aqua
602 1517 821 1568 fugienteS,
838 1531 958 1567 quam
974 1517 1173 1556 bellantes
1188 1518 1379 1568 perderet

191 1585 307 1610 ensis.

238 1626 351 1664 Tunc
372 1639 445 1663 rex
469 1624 611 1670 Osuiu‚
634 1627 748 1662 iuxta
773 1625 882 1675 quod
903 1624 1080 1662 Domino
1105 1631 1283 1671 voverat,
1306 1639 1377 1676 pro

700 1711 713 1729 1
737 1713 792 1747 est,
810 1710 861 1742 Pl.

233 1813 247 1832 ²
269 1813 433 1849 boclands,
451 1812 512 1844 the
529 1811 607 1844 A.S.
626 1812 815 1852 rendering,
834 1811 915 1843 land
933 1812 1011 1843 held
1030 1812 1077 1853 by
1093 1823 1114 1843 a
1137 1812 1158 1826 “
1173 1812 1299 1849 b00k‚”
1321 1813 1376 1846 πλε.

188 1869 209 1888 a
230 1856 376 1893 char-ter,
400 1855 537 1887 instead
560 1855 595 1886 of
618 1854 664 1896 by
687 1855 868 1895 folk-right
889 1856 1071 1897 according
1094 1858 1132 1887 to
1154 1855 1214 1887 the
1236 1856 1319 1888 laws
1341 1856 1376 1888 of

187 1899 291 1931 tribal
306 1903 453 1931 custom.
499 1897 550 1930 Cf.
569 1897 692 1934 oman,
710 1908 742 1939 p.
760 1899 836 1929 379.

233 1942 246 1962 ²
272 1942 358 1973 Enld
374 1952 476 1973 =rmen
490 1941 560 1972 and
572 1941 680 1972 dukes
690 1941 726 1972 in
739 1941 799 1972 the
810 1939 889 1972 A.S.
903 1940 1038 1972 version
1052 1952 1060 1972 ε
1085 1951 1172 1982 reyes
1187 1940 1258 1973 and
1273 1941 1378 1982 reqnli

187 1984 221 2015 in
237 1985 325 2016 Irish
341 1985 474 2020 annals,
491 1984 542 2015 Pl.

231 2028 245 2046 ³
267 2027 355 2059 How
372 2027 442 2057 this
458 2036 527 2056 was
542 2025 570 2057 is
586 2027 649 2056 not
663 2024 844 2065 explained
861 2024 908 2065 by
925 2024 1029 2056 Bede.

232 2070 244 2089 ⁴
266 2069 392 2110 Maybe
407 2069 467 2101 the
483 2068 587 2101 Went
601 2078 684 2100 near
698 2067 818 2105 Leeds,
834 2077 872 2099 or
886 2068 946 2099 the
960 2068 1050 2101 Aire.

185 2134 258 2173 450
