1473 2322
475 162 586 200 THE
622 162 953 200 VENERABLE
988 162 1135 200 BEDE

212 265 345 302 divino
352 265 475 302 fuerit
486 265 685 302 destituta
695 264 907 314 praesidio.
947 264 1063 301 Misit
1075 277 1170 314 ergo
1180 264 1397 315 legatarios

211 329 252 363 in
273 326 445 364 Galliam
467 327 518 364 ad
538 325 833 376 Agilberctum,
855 329 1064 363 summissa
1084 325 1197 363 illum
1218 325 1398 363 satisfac-

210 391 321 426 tione
347 389 568 438 deprecans
596 388 648 425 ad
667 390 944 437 episcopatum
970 400 1066 424 suae
1094 390 1228 437 gentis
1251 388 1395 426 redire.

211 451 268 487 At
281 450 348 488 ille
365 463 408 487 se
426 463 635 494 excusans,
653 455 696 487 et
714 463 761 487 eo
779 452 914 487 venire
932 463 1012 486 non
1029 462 1145 499 posse
1163 454 1396 487 contestans

211 515 305 562 quia
329 514 563 562 episcopatu
586 513 769 561 propriae
790 513 964 548 civitatis
985 524 1030 548 ac
1049 510 1263 561 parochiae
1283 517 1398 549 tene·
1465 546 1467 548 .

210 580 322 611 retur
341 574 578 617 adstrictus3
614 587 665 610 ne
686 578 825 610 tamen
847 573 994 610 obnixe
1015 575 1175 623 petenti
1195 572 1251 610 nil
1271 572 1398 611 ferret

211 635 361 680 auxilii,
389 638 498 672 misit
530 648 602 685 pro
635 648 678 672 se
710 633 778 671 illo
805 635 1089 685 presbyterum
1119 633 1398 680 Leutherium,

210 703 401 747 nepotem
414 710 544 741 suum,
558 698 626 747 qui
640 699 691 741 ei,
705 699 735 733 si
749 695 887 741 vellet,
899 696 1152 734 ordinaretur
1166 698 1374 746 episcopus
1388 709 1397 741 3

209 759 345 796 dicens
370 759 478 809 quod
502 760 587 808 ipse
613 771 706 795 eum
731 758 899 807 dignum
925 771 1011 795 esse
1037 760 1273 807 episcopatu
1297 758 1398 795 iudi-

208 826 331 857 caret.
386 820 477 867 Quo
500 818 716 857 honorifice
741 832 765 856 a
787 818 936 869 populo
960 824 1003 856 et
1027 832 1051 855 a
1073 832 1170 868 rege
1195 825 1398 869 suscepto,

209 887 453 932 rogaverunt
476 880 748 925 Theodorum,
773 886 871 917 tunc
898 879 1240 930 archiepiscopum
1266 880 1398 918 Doru-

210 946 412 981 vernensis
430 942 637 987 ecelesiae,
656 945 788 992 ipsum
806 943 881 979 sibi
904 944 1131 979 antistitem
1153 945 1397 980 consecrari:

209 1008 276 1055 qui
299 1010 554 1043 consecratus
576 1006 617 1041 in
639 1006 727 1054 ipsa
748 1006 927 1048 civitate,
949 1003 1086 1041 multis
1110 1006 1223 1041 annis
1247 1007 1398 1054 episco-

208 1073 349 1116 patum
391 1067 663 1111 Gevissorum,
704 1079 754 1103 ex
795 1065 988 1116 synodica
1027 1068 1250 1111 sanctione,
1290 1065 1396 1104 solus

209 1128 347 1166 sedulo
367 1128 642 1166 moderamine
661 1129 798 1178 gessit.

672 1426 789 1464 CAP.
827 1427 929 1464 VIII

211 1521 260 1558 Ut
283 1520 363 1558 Rex
390 1520 673 1559 cantuariorum
697 1520 944 1558 Earconberet
966 1519 1066 1557 idola
1089 1519 1228 1557 destrui
1245 1533 1395 1570 praece-

302 1582 398 1633 perit
415 1598 431 1625 ‚·
482 1589 515 1619 et
550 1582 595 1619 de
616 1582 710 1632 filia
745 1582 824 1619 eins
858 1581 1083 1632 Ercongota,
1118 1587 1152 1618 et
1183 1581 1395 1633 propinqua

305 1643 561 1695 Aedilbergae,
586 1643 744 1681 sacratis
768 1643 852 1681 Deo
877 1642 1092 1694 virginibus.

256 1738 375 1775 ANNo
390 1738 629 1775 Dominicae
649 1739 933 1775 incarnationis
953 1739 1249 1775 sexcentesimo
1271 1737 1396 1787 quad-

204 1802 419 1850 ragesimo,
445 1799 630 1837 Eadbald
663 1813 735 1837 rex
769 1799 1078 1836 Cantuariorum
1117 1801 1316 1836 transiens
1344 1811 1395 1837 ex

207 1862 279 1898 hae
329 1864 426 1906 vita,
477 1861 775 1899 Earconbercto
826 1860 906 1898 filio
956 1862 1071 1911 regni
1121 1859 1396 1910 gubernacula

206 1922 388 1973 reliquit:
426 1936 531 1973 quae
553 1922 620 1960 ille
643 1928 831 1973 suscepta
853 1924 995 1973 viginti
1019 1927 1192 1972 quatuor
1215 1924 1328 1959 annis
1353 1927 1396 1960 et

230 2079 251 2114 6
627 2034 641 2054 ¹
663 2033 891 2066 Consecrated
906 2034 981 2066 668.

205 2091 226 2126 3
255 2091 277 2115 0
