1473 2322
243 151 307 175 ΟΔΡ.

236 189 353 221 ΧΧΧ.

217 292 353 323 XXXI.

196 393 354 425 XXXII.

180 494 354 526 XXXIII.

181 681 346 713 XXXIV.

290 1244 355 1276 ΙΙΙ.

296 1346 355 1377 IV.

297 1720 357 1751 VI.

280 1906 357 1936 VII.

182 2009 245 2042 viii

348 1024 355 1031 .
381 1000 431 1031 De
451 999 550 1032 obitu
569 999 663 1031 beati
682 1011 793 1042 papae
813 1000 963 1041 Gregorii
984 1002 1165 1041 [590-604]

348 1083 355 1089 .
379 1057 430 1090 Ut
450 1058 663 1099 Augustinus
682 1060 888 1090 Brettonum
903 1060 1080 1101 episcopos
1094 1070 1156 1101 pro
1173 1071 1257 1101 pace

481 90 700 128 ELENCH
709 91 773 128 US
812 91 1065 129 CAPITUM

378 190 565 232 Exemplar
579 191 744 232 epistolae
760 201 865 232 quam
881 191 1013 223 Mellito
1028 192 1150 224 abbati
1166 194 1254 226 Brit·

422 235 556 264 taniam
579 235 735 275 pergenti
758 235 852 265 misit
875 236 969 274 [601]
1022 259 1029 266 .

378 291 428 323 Ut
453 292 684 332 Augustinum
703 303 762 333 per
782 293 928 329 litteras,
946 304 988 324 ne
1010 294 1052 324 de
1067 295 1256 326 virtutibus

422 336 492 365 suis
513 335 725 375 gloriaretur,
746 335 907 367 hortatus
926 338 972 367 sit
993 337 1086 376 [601]
1132 361 1140 369 .

378 392 672 475 Utffissffimbemto
694 394 765 435 regi
792 394 928 426 litteras
949 398 985 426 et
1007 395 1099 426 dona
1129 396 1259 428 miserit

378 494 428 525 Ut
448 495 662 535 Augustinus
681 495 858 526 ecclesiam
879 495 1068 527 Salvatoris
1086 497 1256 528 instaura-

424 539 524 573 verit,
547 541 583 568 et
605 539 853 569 monasterium
876 538 971 570 beati
993 540 1087 570 Petri
1108 541 1257 581 apostoli

422 580 560 662 &egb-its
605 584 641 611 et
672 581 715 611 de
748 582 857 622 primo
888 582 961 612 eius
992 581 1121 612 abbate
1153 583 1256 614 Petro

379 681 429 712 Ut
462 681 631 712 Aedilfrid
663 692 723 712 rex
757 681 790 713 N
792 681 1127 723 ordanhymbrorum
1160 683 1255 715 Scot-

423 727 539 754 torum
550 727 669 765 gentes
681 725 809 765 praelio
821 728 999 756 conterens
1012 725 1056 756 ab
1068 726 1256 767 Anglorum

423 766 549 798 finibus
565 767 735 809 expulerit
752 768 845 807 [603]
911 792 919 800 .

667 925 811 956 LIBER
840 925 877 956 II

423 1101 605 1138 catholica,
621 1103 727 1132 etiam
745 1102 909 1133 miraculo
925 1102 1063 1134 caelesti
1078 1113 1194 1134 coram
1209 1104 1257 1134 eis

423 1144 530 1180 facto,
559 1145 750 1180 monuerit;
793 1155 926 1184 quaeve
953 1145 1029 1176 illos
1057 1149 1258 1187 spernentes

425 1187 512 1218 ultio
527 1190 647 1217 secuta
662 1188 707 1218 sit
723 1187 904 1227 [602-603]

380 1244 430 1276 Ut
442 1245 533 1276 idem
546 1245 716 1276 Mellitum
729 1256 768 1276 ao
782 1246 918 1276 Iustum
930 1247 1108 1288 episcopos
1118 1247 1255 1285 fecerit;

424 1291 461 1319 et
481 1288 523 1318 de
544 1288 642 1319 obitu
662 1290 735 1319 eius
755 1289 849 1328 [604]
914 1313 922 1321 .

380 1345 430 1377 Ut
456 1346 663 1378 Laurentius
687 1357 767 1378 cum
791 1348 1001 1389 coepiscopis
1025 1349 1095 1379 suis
1119 1348 1257 1380 Scottos

424 1391 595 1420 unitatem
639 1392 780 1420 sanctae
823 1390 984 1421 ecclesiae
1028 1392 1177 1422 maxime
1220 1392 1256 1423 in

426 1432 553 1472 pass-ha
575 1431 792 1463 observando
813 1434 909 1473 sequi
933 1435 1123 1470 monuerim
1158 1437 1194 1465 et
1217 1438 1257 1465 ut

425 1475 575 1506 Mellitus
595 1475 744 1506 Romam
766 1477 898 1507 venerit
917 1476 1099 1516 [604-605]
1132 1501 1140 1508 .

350 1558 355 1564 .
381 1532 430 1564 Ut
449 1533 622 1564 defunctis
639 1533 858 1564 Aedilbercto
875 1536 911 1564 et
929 1533 1094 1565 Sabercto
1111 1534 1258 1575 regibus,

424 1586 634 1607 successores
654 1587 771 1607 eorum
794 1577 989 1607 idolatriam
1010 1578 1258 1615 resuscitarint,

425 1618 470 1649 ob
491 1618 585 1658 quod
605 1622 641 1649 et
661 1618 812 1650 Mellitus
835 1629 874 1650 ac
899 1619 1017 1650 Iustus
1040 1630 1060 1650 a
1084 1621 1258 1652 Brittania

425 1661 643 1692 discesserint
657 1662 751 1702 [616]
805 1686 812 1694 .

382 1718 432 1751 Ut
459 1723 637 1761 correptus
664 1719 709 1751 ab
736 1720 894 1761 apostolo
922 1721 1026 1752 Petro
1053 1721 1259 1753 Laurentius

426 1762 666 1794 Aeodbaldum
676 1773 789 1804 regem
798 1764 843 1794 ad
851 1763 1025 1795 Christum
1034 1765 1256 1801 converterit,

426 1806 486 1845 qui
503 1816 585 1836 mox
601 1805 771 1837 Mellitum
789 1809 825 1837 et
843 1806 980 1838 Iustum
997 1806 1043 1838 ad
1059 1807 1256 1849 praedican-

427 1848 511 1879 dum
525 1849 740 1879 revocaverit
755 1849 849 1888 [617]
914 1872 923 1881 .

383 1905 432 1937 Ut
452 1906 603 1937 Mellitus
624 1908 804 1947 episcopus
825 1906 982 1938 flammas
1003 1907 1156 1938 ardentis
1176 1918 1257 1939 suae

426 1949 580 1980 civitatis
600 1949 731 1980 orando
751 1950 950 1981 restinxerit
970 1950 1152 1990 [619-624]

1288 156 1343 178 uo
1350 156 1364 174 Ε

1242 261 1250 268 .
1304 238 1365 268 160

1242 362 1250 370 .
1305 339 1364 369 164

1243 463 1250 470 .
1305 440 1364 471 168

1243 1026 1250 1034 .
1305 1004 1366 1035 184

1243 1213 1251 1221 .
1303 1190 1366 1221 204

1243 1314 1251 1323 .
1303 1291 1366 1322 214

1243 1687 1252 1696 .
1302 1664 1366 1696 224

1242 1873 1252 1883 .
1304 1849 1366 1881 232

1241 1972 1253 1984 .
1302 1949 1367 1982 236
