1473 2322
447 140 559 178 THE
594 139 924 179 VENERABLE
960 140 1106 178 BEDE

188 247 234 280 ut
262 243 392 282 nullus
424 243 570 282 exinde
599 245 653 282 sit
680 245 868 282 inventus
899 246 967 294 qm·
997 246 1081 282 eius
1110 246 1369 282 resuscitator

189 298 398 334 existeret.

237 349 374 386 Alium
409 363 569 400 quoque
603 349 750 387 librum
783 352 1008 400 composuit
1042 353 1265 401 egregium,
1300 353 1367 401 qui

186 407 351 440 vocatur
376 402 600 447 Ραείοναῖἰε,
627 406 668 440 in
696 416 775 454 quo
801 403 1018 441 manifesta
1042 403 1131 442 luce
1158 404 1368 453 patefecit,

187 455 326 506 quales
359 456 412 494 ad
444 456 637 495 ecclesiae
669 459 851 506 regimen
885 457 1054 501 adsumi,
1087 456 1262 507 qualiter
1293 459 1367 507 ipsi

185 514 361 548 rectores
399 511 546 554 vivere,
583 523 663 560 qua
698 510 940 548 discretione
975 509 1151 561 singulas
1187 523 1367 561 quasque

186 563 438 600 audientium
485 565 685 601 instruere
733 577 937 613 personas,
986 568 1029 601 et
1077 568 1231 614 quanta
1276 576 1367 601 con-

184 616 427 654 sideratione
457 619 658 666 propriam
687 617 867 666 quotidie
896 617 1075 654 debeant
1103 617 1367 668 fragilitatem

184 682 367 719 pensare.
421 668 502 707 Sed
531 674 574 708 et
602 669 767 708 omelias
796 669 1006 720 Evangelii
1038 683 1206 708 numero
1243 670 1367 720 quad-

184 725 346 773 raginta
371 725 609 772 composuit,
637 736 735 772 quas
760 725 802 759 in
828 723 983 761 duobus
1009 724 1211 761 codicibus
1237 736 1368 774 aequa

184 781 293 814 sorte
324 776 522 814 distinxit.
577 776 717 814 Libros
748 779 873 814 etiam
904 775 1165 827 Dialogorum
1196 781 1368 827 quatuor

183 828 296 873 fecit,
326 831 367 866 in
397 830 541 879 quibus
570 834 715 879 rogatu
755 828 867 867 Petri
897 830 1052 867 diaconi
1093 832 1167 875 sui,
1197 832 1366 869 virtutes

184 887 414 920 sanctorum
442 896 541 933 quos
567 884 609 919 in
638 881 757 919 Italia
782 882 968 921 clariores
994 896 1111 921 nosse
1138 882 1202 921 vel
1228 883 1367 922 audire

184 940 361 986 poterat,
387 936 438 973 ad
463 935 694 985 exemplum
718 936 876 974 vivendi
902 939 1072 986 posteris
1097 935 1282 987 collegit3
1321 941 1368 974 ut

185 992 289 1027 sicut
304 991 345 1026 in
360 988 470 1027 libris
488 992 785 1039 expositionum
800 1003 963 1027 suarum
979 990 1124 1040 quibus
1141 992 1194 1028 sit
1210 991 1367 1027 virtuti-

184 1043 258 1080 bus
309 1043 593 1086 insudandum,
645 1043 820 1088 edocuit,
871 1045 930 1080 ita
981 1046 1106 1081 etiam
1157 1043 1366 1093 descriptis

147 1137 151 1141 ,
185 1100 415 1134 sanctorum
447 1095 661 1141 miraculis,
695 1109 800 1146 quae
832 1098 1029 1134 virtutum
1062 1097 1282 1135 earundem
1314 1098 1368 1135 sit

184 1150 344 1187 claritas
384 1149 632 1187 ostenderet.
686 1148 861 1186 Primam
901 1162 1061 1200 quoque
1101 1154 1144 1188 et
1183 1149 1367 1187 ultimam

185 1202 408 1241 Ezechielis
462 1202 686 1253 prophetae
740 1207 913 1253 partem,
968 1216 1072 1253 quae
1126 1203 1367 1241 videbantur

183 1256 445 1300 obscuriores,
473 1269 546 1305 per
573 1255 738 1294 omelias
766 1258 910 1306 viginti
948 1261 991 1294 et
1027 1256 1141 1301 duas,
1169 1261 1367 1306 quantum

183 1309 281 1347 lucis
308 1311 417 1347 intus
444 1308 638 1353 habeant,
665 1309 969 1347 demonstravit.
1022 1310 1206 1360 Excepto
1232 1309 1367 1348 libello

184 1362 518 1413 Responsionum,
572 1376 693 1413 quem
746 1363 799 1401 ad
849 1365 1187 1413 interrogationes
1239 1365 1367 1401 sancti

185 1417 404 1467 Augustini
433 1418 550 1466 primi
579 1415 802 1467 Anglorum
830 1419 964 1466 gentis
993 1419 1168 1466 episcopi
1196 1419 1367 1467 scripsit,

185 1475 231 1507 ut
266 1474 310 1508 et
343 1483 464 1519 supra
498 1469 719 1513 docuimus,
753 1474 888 1506 totum
922 1472 1053 1520 ipsum
1087 1469 1269 1508 libellum
1304 1469 1365 1508 his

184 1525 409 1561 inserentes
435 1522 632 1567 historiis3
670 1522 805 1561 libello
831 1536 991 1573 quoque
1015 1523 1221 1573 synodico,
1246 1536 1368 1574 quem

185 1589 276 1614 cum
301 1578 496 1626 episcopis
522 1576 666 1614 Italiae
691 1576 742 1614 de
766 1578 998 1614 necessariis
1023 1575 1216 1614 ecclesiae
1239 1578 1367 1615 causis

186 1629 402 1667 utillimum
436 1632 675 1679 composuit,
711 1634 754 1668 et
789 1629 1050 1668 familiaribus
1086 1630 1138 1667 ad
1173 1629 1368 1680 quosdam

183 1682 343 1721 litteris.
398 1682 518 1729 Quod
533 1696 580 1720 eo
599 1685 726 1733 magis
746 1685 890 1720 mirum
907 1687 983 1727 est,
998 1687 1062 1720 tot
1081 1696 1174 1721 eum
1190 1696 1235 1720 ac
1249 1687 1367 1720 tanta

184 1736 358 1774 condere
383 1736 585 1773 volumina
609 1738 803 1786 potuisse,
836 1737 944 1786 quod
968 1738 1075 1774 omni
1101 1749 1207 1786 pene
1229 1738 1368 1774 iuven-

226 1842 242 1904 ἒ
262 1841 445 1926 ξξᾶιξάἓοέΙ
469 1885 589 1926 epistle
614 1885 753 1917 written
778 1885 825 1926 by
849 1885 960 1927 newly
985 1884 1173 1927 appointed
1198 1895 1304 1927 popes
1328 1888 1365 1918 to

182 1929 270 1960 their
285 1928 457 1969 suffragan
475 1928 673 1968 patriarchs.

182 1971 377 2055 comp-gsekd?
396 1970 517 2013 copied
536 1974 598 2002 out
616 1970 723 2002 books
742 1980 780 2002 as
799 1981 820 2002 a
838 1970 956 2008 scribe,
976 1973 1077 2012 apat-t
1098 1970 1188 2002 from
1206 1970 1304 2003 those
1323 1971 1365 2002 he

186 2086 252 2123 192
