1473 2322
413 134 523 171 THE
561 132 890 171 VENERABLE
926 133 1074 170 BEDE

150 239 250 274 bant
267 243 405 274 autem
420 240 527 273 intra
543 236 691 274 vallum
708 237 816 287 quod
831 236 1024 274 Severum
1041 243 1151 274 trans
1167 236 1338 273 insulam

151 290 293 328 fecisse
329 293 742 335 commemoravimus,
778 290 830 327 ad
864 289 1026 340 plagam
1061 290 1340 335 meridianam,

152 345 260 394 quod
278 342 784 394 civitates,farus‚pontes,
797 349 840 381 et
861 349 1014 380 stratae
1033 343 1184 381 ibidem
1205 342 1339 381 factae

151 411 279 448 usque
293 397 413 435 hodie
428 403 655 435 testantur:
691 402 872 435 ceterum
887 397 1099 434 ulteriores
1115 396 1339 434 Brittaniae

149 457 301 501 partes,
329 450 394 488 vel
429 464 496 488 eas
534 453 658 488 etiam
695 463 799 501 quae
835 450 942 487 ultra
975 450 1217 488 Brittaniam
1245 455 1341 488 sunt

151 504 298 542 insulas
317 507 404 543 iure
423 505 660 542 dominandi
676 504 952 554 possidebant.

635 622 752 661 CAP.
790 624 872 660 XII

158 711 207 748 Ut
239 710 432 747 Brettones
466 724 490 746 a
524 709 657 747 Scottis
689 709 825 746 vastati
857 709 1059 761 Pictisque,
1091 709 1339 747 Romanorum

254 763 396 801 auxilia
424 763 647 815 quaesierint
682 763 747 814 qui
783 763 940 800 secundo
976 763 1170 808 venientes,
1197 777 1340 801 murum

253 823 356 854 trans
370 816 700 867 insulamfecerz'nt
716 832 733 860 ,·
748 816 812 853 sed
826 817 893 854 hoc
906 817 1100 868 corffestim
1116 831 1139 854 a
1149 816 1340 869 praefatis

252 870 415 908 hostibus
433 870 647 922 interrupto,
666 869 804 907 maiore
822 870 895 908 sint
912 870 1121 908 calamitate
1138 870 1313 922 depressi.

201 957 307 994 Exm
323 956 339 980 1
359 956 560 993 Brittania
580 959 622 993 in
641 962 758 1006 parte
778 956 1035 1002 Brettonum,
1055 959 1164 994 omni
1185 963 1341 994 armato

151 1010 294 1054 milite,
335 1010 574 1047 militaribus
623 1012 746 1060 copiis
795 1012 1003 1055 universis,
1039 1016 1130 1048 tota
1175 1009 1341 1048 floridae

155 1066 376 1102 iuventutis
424 1063 633 1101 alacritate
687 1063 873 1113 spoliata,
919 1076 1024 1114 quae
1077 1069 1341 1115 tyrannorum

152 1120 387 1155 temeritate
423 1117 600 1155 abducta
632 1130 832 1168 nusquam
867 1117 973 1154 ultra
1008 1118 1172 1155 domum
1206 1118 1342 1162 rediit,

152 1172 328 1221 praedae
360 1176 524 1208 tantum
561 1173 711 1221 patuit,
740 1176 885 1221 utpote
917 1174 1045 1208 omnis
1078 1171 1210 1209 bellici
1247 1183 1341 1208 usus

152 1238 312 1274 prorsus
351 1228 513 1275 ignara:
567 1224 743 1274 denique
782 1225 916 1262 subito
955 1224 1111 1262 duabus
1150 1225 1341 1276 gentibus

153 1280 427 1315 transmarinis
447 1277 711 1316 vehementer
739 1280 881 1322 saevis,
901 1277 1130 1315 Scottorum
1159 1291 1184 1315 a
1210 1280 1341 1323 circio,

154 1330 357 1369 Pictorum
384 1333 435 1369 ab
463 1331 664 1381 aquilone,
690 1331 839 1369 multos
866 1337 1007 1381 stupet
1032 1334 1243 1383 gemitque
1269 1345 1343 1382 per

154 1399 290 1423 annos.
344 1385 646 1422 Transmarinas
679 1391 818 1423 autem
861 1385 1029 1423 dicimus
1073 1385 1145 1423 has
1179 1391 1338 1436 gentes,

154 1453 233 1476 non
251 1439 359 1489 quod
373 1444 489 1477 extra
500 1439 742 1476 Brittaniam
760 1444 897 1477 essent
913 1441 1091 1489 positae3
1123 1440 1195 1477 sed
1208 1441 1303 1489 quia
1319 1453 1343 1476 a

152 1498 270 1543 parte
313 1492 555 1530 Brettonum
602 1499 719 1530 erant
762 1498 959 1536 remotae,
989 1493 1145 1530 duobus
1190 1493 1342 1530 sinibus

152 1549 273 1584 maris
316 1547 665 1590 interiacentibus,
707 1559 877 1596 quorum
919 1559 1021 1583 unus
1064 1547 1116 1583 ab
1157 1545 1343 1584 orientali

153 1603 267 1644 mari,
295 1600 399 1638 alter
434 1601 484 1637 ab
520 1600 773 1644 occidentali,
806 1600 1032 1637 Brittaniae
1058 1605 1188 1638 terras
1222 1599 1342 1651 longe

153 1653 318 1704 lateque
340 1656 548 1703 inrumpit,
571 1655 752 1703 quamvis
776 1653 828 1691 ad
849 1666 893 1691 se
914 1655 1086 1691 invicem
1107 1656 1340 1704 pertingere

154 1720 234 1745 non
261 1709 428 1758 possint.
482 1706 701 1745 Orientalis
728 1706 855 1745 habet
881 1710 923 1744 in
949 1707 1084 1745 medio
1111 1709 1173 1745 sui
1199 1708 1341 1745 urbem

429 1814 441 1834 ¹
467 1815 516 1845 To
532 1825 589 1855 per
605 1825 712 1846 annos
727 1814 817 1846 from
833 1814 963 1852 Gildas,
979 1815 995 1854 §
1012 1815 1063 1846 14.

204 1935 215 1953 ¹
241 1934 430 1974 Originally
446 1932 635 1973 lithhoase,
652 1932 764 1974 Φάρος.

204 1977 216 1996 ²
239 1977 281 2008 In
299 1976 416 2008 Gildas
434 1976 677 2008 transmarinae
699 1977 728 2008 is
745 1975 829 2008 used
846 1976 881 2007 of
897 1975 995 2008 Scots
1011 1976 1100 2008 from
1118 1975 1254 2007 Ireland
1271 1976 1339 2007 and

159 2020 251 2051 l'icts
268 2019 356 2051 from
373 2029 523 2051 oversea.

159 2084 206 2121 54
