1473 2322
452 159 562 195 THE
601 158 931 197 VENERABLE
967 159 1114 197 BEDE

195 268 330 300 tamen
359 266 399 299 in
429 276 567 301 eorum
596 268 690 300 actu
718 263 973 313 aliquatenus
1001 262 1234 308 foedamur3
1275 266 1379 301 sicut

192 334 314 371 saepe
354 321 561 358 irascendo
600 321 737 371 culpas
775 324 1037 372 insequimur,
1076 328 1119 360 et
1157 322 1379 373 tranquilli-

193 385 323 417 tatem
347 382 388 416 in
412 380 526 417 nobis
551 383 672 416 animi
696 381 1003 430 perturbamus:
1042 386 1085 419 et
1108 394 1199 418 cum
1222 387 1378 419 rectum

193 441 245 475 sit
269 439 377 488 quod
400 440 548 490 agitur,
571 452 652 476 non
676 444 739 476 est
761 444 901 477 tamen
925 439 1184 489 adprobabile
1208 441 1317 490 quod
1338 443 1378 477 in

194 510 241 534 eo
268 499 424 534 animus
450 498 725 547 perturbatur.
780 497 930 535 Contra
955 500 1054 535 vitia
1079 501 1229 548 quippe
1255 498 1380 537 delin—

193 558 406 605 quentium
430 558 558 594 iratus
583 555 718 594 fuerat
744 559 811 606 qui
838 557 1023 601 dicebam
1064 556 1293 594 ‘Turbatus
1317 564 1380 595 est

192 627 289 664 prae
321 616 380 652 ira
411 614 548 652 oculus
579 613 723 653 meus.'
777 614 882 661 Quia
915 618 1021 653 enim
1053 629 1134 652 non
1166 615 1274 654 valet
1305 619 1379 654 nisi

193 673 410 723 tranquilla
442 687 557 711 mens
591 676 633 711 in
667 673 1019 724 contemplationis
1053 687 1097 712 se
1131 674 1262 712 lucem
1297 688 1379 713 sus-

192 733 385 782 pendere,
423 736 463 769 in
500 736 559 770 ira
595 746 712 770 suum
749 725 913 770 oculum>
946 733 1156 770 turbatum
1193 733 1379 771 dolebat:

194 794 288 841 quia
318 791 415 829 dum
445 792 550 830 male
582 797 673 829 acta
703 792 890 829 deorsum
920 794 1160 842 insequitur,
1190 791 1378 831 confundi

193 855 317 900 atque
353 851 507 888 turbari
544 864 567 888 a
602 864 849 888 summorum
885 850 1227 900 contemplatione
1263 864 1379 902 coge-

192 909 325 946 batur.
380 909 436 946 Et
459 909 671 947 laudabilis
697 923 794 959 ergo
820 914 882 947 est
907 912 966 945 ira
990 914 1130 946 contra
1155 911 1312 955 vitium,
1338 917 1379 948 et

193 974 333 1005 tamen
364 968 550 1013 molesta,
583 981 663 1018 qua
694 968 904 1005 turbatum
937 981 980 1006 se
1014 967 1189 1018 aliquem
1221 973 1378 1006 reatum

194 1030 403 1065 incurrisse
424 1028 680 1065 aestimabat.

245 1085 462 1136 “Oportet
502 1088 642 1137 itaque
681 1086 906 1137 legitimam
944 1088 1072 1122 carnis
1109 1085 1308 1135 copulam,
1334 1092 1381 1123 ut

194 1158 313 1181 causa
352 1145 473 1194 prolis
513 1147 579 1189 sit,
619 1158 699 1181 non
739 1144 981 1193 voluptatis3
1022 1149 1065 1182 et
1106 1146 1234 1181 carnis
1275 1158 1381 1181 com-

193 1206 350 1248 mixtio,
409 1204 673 1241 creandorum
733 1203 949 1240 liberorum
1005 1205 1057 1240 sit
1109 1205 1256 1254 gratia,
1301 1217 1379 1240 non

193 1261 415 1299 satisfactio
443 1265 644 1300 vitiorum.
697 1261 738 1299 Si
772 1265 860 1312 quis
893 1275 988 1300 vero
1021 1275 1135 1299 suam
1169 1263 1380 1313 coniugem

194 1334 273 1358 non
315 1321 503 1371 cupidine
546 1321 765 1371 voluptatis
806 1326 962 1371 raptus,
1010 1321 1083 1358 sed
1131 1320 1380 1358 solummodo

193 1380 456 1418 creandorum
491 1379 708 1418 liberorum
743 1382 876 1430 gratia
910 1381 1052 1424 utitur,
1087 1381 1164 1417 iste
1198 1378 1380 1429 profecto

193 1441 276 1477 sive
336 1439 389 1477 de
446 1441 631 1490 ingressu
691 1438 899 1483 ecclesiae,
959 1450 1031 1475 seu
1082 1437 1134 1475 de
1185 1438 1380 1476 sumendo

197 1497 398 1535 Dominici
433 1500 608 1548 corporis
643 1499 930 1548 sanguinisque
966 1498 1174 1547 mysterio,
1209 1509 1281 1534 suo
1318 1503 1380 1535 est

193 1557 338 1594 iudicio
370 1556 682 1607 relinquendus;
734 1559 829 1607 quia
862 1570 886 1593 a
918 1556 1033 1593 nobis
1065 1554 1267 1605 prohiberi
1300 1569 1379 1593 non

193 1616 319 1654 debet
350 1618 546 1666 accipere,
579 1618 647 1666 qui
677 1618 720 1652 in
750 1618 845 1666 igne
877 1617 1031 1665 positus
1063 1617 1193 1652 nescit
1224 1615 1377 1652 ardere.

194 1675 296 1714 Cum
327 1689 422 1714 vero
453 1689 534 1713 non
567 1688 678 1713 amor
709 1675 868 1713 ortandi
900 1674 1060 1719 sobolis,
1092 1675 1164 1712 sed
1195 1674 1378 1724 voluptas

193 1734 423 1772 dominatur
445 1737 486 1772 in
509 1748 632 1785 opere
654 1735 973 1771 commixtionis:
1014 1733 1168 1770 habent
1190 1735 1379 1784 coniuges

194 1796 318 1832 etiam
360 1794 412 1832 de
454 1807 526 1831 sua
567 1795 854 1831 commixtione
896 1792 1005 1843 quod
1045 1791 1236 1830 defleant.
1290 1792 1378 1829 Hoc

194 1856 301 1890 enim
327 1856 384 1891 eis
410 1853 596 1890 concedit
620 1858 761 1890 sancta
784 1852 1055 1902 praedicati03
1095 1856 1138 1888 et
1161 1856 1302 1888 tamen
1327 1850 1377 1888 de

193 1914 280 1961 ipsa
300 1914 556 1949 concessione
577 1916 692 1949 metu
715 1913 893 1948 animum
915 1911 1106 1947 concutit.
1160 1907 1265 1944 Nam
1286 1920 1376 1945 cum

700 2029 711 2048 ¹
735 2028 791 2060 Ps.
812 2029 843 2060 6.
865 2029 895 2061 7.

196 2093 264 2128 144
