1473 2322
377 135 489 172 THE
526 133 856 172 VENERABLE
892 132 1040 170 BEDE

119 253 200 277 non
221 242 400 282 minima,
424 243 548 287 atque
573 238 623 274 ad
647 239 894 287 episcopium
917 235 1053 273 furens
1077 249 1119 273 se
1143 235 1305 272 flamma

119 301 324 344 dilataret,
375 299 579 336 confidens
629 301 840 348 episcopus
890 299 931 334 in
995 297 1188 341 divinum,
1238 296 1306 333 ubi

118 362 341 400 humanum
351 360 510 405 deerat,
523 359 730 404 auxilium,
742 362 857 397 iussit
868 373 911 397 se
923 359 1083 396 obviam
1094 359 1307 396 saevienti-

120 426 209 468 bus,
231 429 273 462 et
294 423 371 460 huc
392 422 566 472 illucque
587 421 815 459 volantibus
836 423 990 471 ignium
1011 419 1140 471 globis
1163 419 1307 457 efferri.

120 487 220 523 Erat
241 489 380 522 autem
401 497 449 521 eo
468 483 544 520 loci
566 483 634 520 ubi
655 482 908 519 flammarum
935 483 1112 532 impetus
1132 483 1309 518 maxime

118 546 396 590 incumbebat,
421 547 661 596 martyrium
686 544 900 582 beatorum
925 542 1111 590 Quatuor
1135 542 1310 579 Corona-

120 615 267 646 torum.
299 607 360 645 Ibi
375 606 555 657 perlatus
571 607 869 656 obsequentum
883 606 1069 642 manibus
1085 606 1309 654 episcopus,

121 673 256 720 coepit
272 669 422 707 orando
439 667 662 718 periculum
679 667 858 705 infirmus
876 668 1056 717 abigere,
1072 666 1181 717 quod
1197 666 1311 702 firma

121 733 287 770 fortium
309 744 452 768 manus
476 729 651 767 multum
674 728 895 766 laborando
919 730 1171 778 nequiverat.
1226 727 1312 764 Nec

122 807 247 838 mora,
282 797 429 830 ventus
469 793 537 841 qui
575 804 598 827 a
635 790 803 828 meridie
841 788 956 834 flans,
994 789 1084 826 urbi
1122 788 1312 826 incendia

121 859 338 906 sparserat,
365 857 505 891 contra
532 852 743 889 meridiem
770 850 959 895 reflexus,
986 852 1115 900 primo
1143 852 1224 887 vim
1250 851 1311 887 sui

122 916 265 953 furoris
280 928 303 952 a
314 913 678 952 laesionelocorum
687 925 791 962 quae
800 917 940 949 contra
954 915 1085 956 erant,
1099 911 1310 953 abstraxit,

124 992 169 1015 ac
191 990 286 1015 mox
310 976 493 1014 funditus
518 974 776 1025 quiescendo,
800 973 970 1011 flammis
995 975 1148 1023 pariter
1170 974 1312 1022 sopitis

124 1045 249 1090 atque
275 1039 486 1077 exstinctis
511 1038 772 1086 compescuit.
826 1035 882 1072 Et
908 1037 1003 1085 quia
1028 1036 1087 1072 vir
1112 1033 1192 1072 Dei
1217 1036 1312 1084 igne

124 1101 284 1139 divinae
312 1101 492 1136 caritatis
520 1098 681 1136 fortiter
709 1097 894 1141 ardebat,
922 1098 1017 1147 quia
1042 1099 1313 1145 tempestates

124 1166 378 1213 potestatum
420 1162 619 1197 aeriarum
660 1172 684 1196 a
723 1172 797 1197 sua
837 1171 1081 1208 suorumque
1135 1157 1313 1195 laesione

125 1225 272 1263 crebris
319 1223 567 1260 orationibus
612 1220 677 1259 vel
723 1219 1072 1259 exhortationibus
1116 1217 1314 1269 repellere

126 1288 404 1328 consueverat,
431 1285 577 1320 merito
605 1284 735 1320 ventis
763 1281 1016 1331 flammisque
1042 1279 1314 1318 mundialibus

127 1345 374 1398 praevalere,
411 1349 454 1382 et
489 1358 540 1382 ne
577 1344 652 1381 sibi
687 1346 850 1393 suisque
886 1346 1094 1387 nocerent,
1129 1342 1314 1379 obtinere

127 1413 301 1460 poterat.

177 1471 233 1507 Et
245 1469 310 1507 hie
325 1482 420 1519 ergo
434 1472 651 1519 postquam
666 1469 779 1505 annis
793 1469 972 1517 quinque
984 1467 1092 1504 rexit
1106 1465 1310 1504 ecclesiam

127 1530 366 1570 Aeodbaldo
385 1534 584 1581 regnante
605 1531 794 1579 migravit
814 1529 866 1566 ad
885 1527 1031 1572 caelos,
1050 1526 1315 1577 sepultusque

129 1598 191 1632 est
220 1606 312 1630 eum
341 1592 524 1642 patribus
554 1593 634 1629 suis
665 1593 706 1627 in
735 1590 968 1640 saepedicto
997 1590 1242 1627 monasterio
1273 1591 1316 1625 et

129 1654 298 1693 ecclesia
329 1654 552 1690 beatissimi
586 1651 857 1702 apostolorum
890 1652 1092 1701 principis,
1126 1663 1230 1686 anno
1264 1649 1315 1685 ab

130 1717 406 1753 incarnatione
431 1713 597 1751 Domini
623 1715 918 1751 sexcentesimo
944 1714 1131 1749 vicesimo
1158 1714 1317 1760 quarto,

130 1779 195 1815 die
214 1781 356 1815 octavo
374 1775 639 1813 kalendarum
661 1774 875 1811 Maiarum.

175 1904 188 1923 ¹
213 1903 301 1935 Who
318 1903 387 1934 had
404 1913 425 1934 a
441 1902 567 1934 church
585 1905 622 1933 at
640 1902 749 1933 Rome
767 1912 812 1933 on
827 1901 887 1933 the
904 1901 1041 1933 Caelian
1059 1900 1141 1931 Hill.
1188 1899 1315 1930 Names

130 1957 189 2008 zai-<Z
202 1946 371 2030 gei}ei¹31f>‹1³1r
385 1946 492 2019 ‘icil'iegm
510 1946 574 1976 but
590 1945 768 1976 otherwise
784 1944 868 1987 they
883 1955 940 1976 are
956 1943 1139 1975 unknown.

132 2052 202 2099 238
