1473 2322
428 133 540 171 THE
576 132 906 171 VENERABLE
942 133 1088 171 BEDE

168 237 220 274 ad
242 239 472 274 vicesimam
498 236 734 274 Dominicae
758 238 1060 274 resurrectionis
1085 236 1193 274 diem
1217 237 1351 275 obscr-

167 290 342 327 vandum
362 303 450 328 esse
470 294 685 339 putarent;
718 292 877 338 scripsit
895 303 985 327 cum
1006 292 1250 339 coepiscopis
1270 292 1350 328 suis

168 343 484 381 exhortatoriam
511 343 563 380 ad
591 356 658 381 eos
678 342 914 392 epistolam:
956 343 1168 381 obsecrans
1196 357 1279 387 eos,
1307 347 1352 381 et

166 401 398 434 contestans
432 398 633 434 unitatem
671 398 779 445 pacis
813 401 856 434 et
899 395 1121 434 catholicae
1165 397 1352 434 observa-

166 452 286 487 tionis
317 462 408 487 cum
440 462 488 487 ea
519 462 623 500 quae
654 453 743 486 toto
774 450 870 487 orbe
902 448 1045 487 diffusa
1076 453 1138 487 est
1170 449 1351 487 Ecclesia

166 502 329 547 Christi,
350 507 516 546 tenere3
552 505 663 540 cuius
685 501 874 540 videlicet
896 501 1091 552 epistolae
1111 504 1350 552 principium

166 556 240 593 hoc
260 560 345 593 est:

216 609 239 622 “
257 607 442 646 Dominis
458 610 669 646 carissimis
684 608 875 646 fratribus
891 610 1101 658 episcopis,
1117 607 1179 646 vel
1196 609 1351 645 abbati·

165 663 238 701 bus
267 675 341 712 per
371 664 597 699 universam
625 660 836 706 Scottiam,
866 661 1123 706 Laurentius,
1155 661 1351 707 Mellitus,

165 720 208 754 et
242 715 377 754 Iustus
410 717 600 765 episcopi,
627 717 730 753 servi
761 728 967 753 servorum
996 714 1087 752 Dei.
1141 713 1252 752 Dum
1280 728 1351 753 nos

164 769 281 807 sedes
315 768 548 819 apostolica,
580 782 691 806 more
724 781 796 806 suo
828 771 932 805 sicut
963 770 1004 804 in
1038 770 1222 806 universo
1254 769 1350 806 orbe

164 827 378 866 terrarum,
403 824 443 858 in
469 821 528 859 his
553 822 727 859 occiduis
753 822 935 871 partibus
960 821 1011 858 ad
1037 821 1351 870 praedicandum

163 876 354 926 gentibus
382 877 550 925 paganis
578 875 786 925 dirigeret,
814 879 939 924 atque
967 876 1007 910 in
1036 874 1138 911 hanc
1166 873 1350 919 insulam,

165 941 269 979 quae
321 927 521 965 Brittania
571 932 841 977 nuncupatur,
890 930 1062 978 contigit
1112 928 1351 972 introisse31

164 986 384 1031 antequam
426 981 791 1032 cognosceremus,1
833 981 1046 1018 credentes
1088 981 1196 1030 quod
1237 983 1352 1018 iuxta

165 1048 317 1073 morem
336 1033 569 1072 universalis
587 1033 790 1072 Ecclesiae
806 1034 1131 1084 ingrederentur,
1147 1036 1186 1070 in
1203 1047 1352 1084 magna

165 1091 393 1126 reverentia
422 1090 650 1126 sanctitatis
679 1092 765 1124 tam
795 1087 1010 1125 Brettones
1040 1100 1162 1137 quam
1191 1086 1350 1125 Scottos

164 1144 345 1180 venerati
362 1155 499 1179 sumus
513 1153 523 1185 ;
552 1141 625 1178 sed
640 1145 929 1191 cognoscentes
945 1140 1175 1184 Brettones,
1191 1139 1350 1178 Scottos

164 1194 348 1233 meliores
389 1196 632 1244 putavimus.
686 1193 846 1231 Scottos
886 1207 980 1231 vero
1020 1207 1093 1243 per
1133 1192 1351 1244 Daganum

166 1251 397 1298 episcopum
431 1250 471 1284 in
506 1247 622 1291 hanc,
656 1260 777 1297 quam
811 1249 994 1296 superius
1027 1249 1350 1292 memoravimus,

166 1301 351 1345 insulam,
373 1305 416 1339 et
437 1300 731 1337 Columbanum
753 1300 944 1338 abbatem
967 1302 1007 1336 in
1029 1299 1168 1337 Galliis
1189 1303 1351 1338 venien-

164 1360 264 1399 tem,
295 1353 390 1391 nihil
420 1354 648 1403 discrepare
678 1367 701 1391 a
729 1353 991 1391 Brettonibus
1021 1355 1060 1390 in
1091 1366 1229 1391 eorum
1258 1366 1351 1390 con-

164 1410 390 1446 versatione
419 1408 643 1445 didicimus.
699 1406 802 1443 Nam
833 1406 1028 1457 Daganus
1059 1408 1268 1456 episcopus
1298 1406 1351 1444 ad

163 1475 234 1499 nos
257 1463 436 1505 veniens,
459 1474 538 1498 non
561 1460 690 1498 solum
713 1460 846 1497 cibum
870 1460 1092 1503 nobiscum,
1114 1460 1187 1497 sed
1210 1472 1284 1497 nec
1307 1462 1348 1496 in

164 1515 307 1553 eodem
347 1513 521 1564 hospitio
561 1527 640 1564 quo
669 1514 945 1557 vescebamur,
977 1526 1137 1550 sumere
1178 1512 1350 1550 voluit.”

165 1568 279 1606 Misit
306 1567 414 1605 idem
442 1567 684 1605 Laurentius
711 1579 802 1604 cum
828 1568 1073 1616 coepiscopis
1100 1568 1195 1610 suis,
1223 1568 1349 1604 etiam

163 1621 404 1659 Brettonum
419 1621 695 1658 sacerdotibus
707 1619 864 1658 litteras
876 1633 947 1657 suo
962 1619 1104 1670 gradui
1117 1619 1349 1669 condignas,

166 1676 310 1726 quibus
340 1688 408 1713 eos
436 1676 478 1711 in
507 1676 665 1712 unitate
694 1672 893 1710 catholica
920 1673 1156 1711 confirmare
1183 1675 1347 1723 satagit.

559 1757 573 1778 ²
597 1757 699 1799 Stops
715 1757 899 1794 corrected,
916 1756 968 1790 Pl.

206 1837 219 1857 ²
242 1836 297 1868 tle.
314 1836 462 1869 Ireland.

203 1880 217 1899 ²
239 1879 311 1911 Not
329 1879 495 1920 certainly
512 1878 647 1911 known.

203 1923 216 1941 ³
240 1923 382 1963 Apostles
399 1922 434 1953 of
452 1922 640 1962 Burgundy
656 1921 726 1953 and
741 1920 887 1952 founder
903 1920 938 1952 of
953 1931 974 1951 a
990 1921 1158 1952 monastic
1174 1920 1257 1952 rulo.

205 1967 217 1985 ⁴
240 1965 312 1996 The
333 1964 465 1997 Saxons
487 1965 556 1995 had
577 1964 699 1995 driven
720 1967 782 1996 out.
802 1964 861 1996 the
885 1964 1022 1995 Britons
1043 1963 1111 1994 and
1132 1963 1237 1995 taken
1259 1963 1347 1995 their

159 2007 267 2045 lands,
289 2007 359 2039 and
377 2017 464 2039 were
482 2007 553 2039 still
573 2007 680 2038 under
699 2007 758 2038 the
778 2017 890 2038 curses
910 2005 1130 2048 pronounced
1150 2006 1197 2047 by
1217 2007 1344 2038 British

167 2072 233 2097 220
