1473 2322
492 168 604 205 THE
639 167 970 206 VENERABLE
1005 169 1152 207 BEDE

229 272 529 308 resurrectionis
552 283 675 321 quam
696 284 778 308 una
800 272 960 309 sabbati
982 271 1148 317 factam,
1169 277 1416 322 propterque

228 345 342 381 spem
358 336 521 369 nostrae
538 334 839 370 resurrectionis
859 346 980 383 quam
999 333 1142 371 eadem
1160 347 1241 370 una
1257 334 1417 371 sabbati

229 406 333 443 quae
358 406 465 430 nunc
490 393 704 430 Dominica
731 394 815 431 dies
843 395 989 432 dicitur
1015 397 1211 432 veraciter
1236 394 1416 433 futuram

230 467 320 491 cum
345 460 485 492 sancta
511 454 679 493 ecclesia
704 456 910 493 credebat.

674 581 791 620 CAP.
829 583 969 619 XVIII

406 669 468 706 De
486 668 560 706 vita
580 669 637 706 vel
653 674 764 706 morte
784 668 947 720 religiosi
965 668 1063 720 regis
1081 669 1270 720 Sigbercti.

278 747 354 784 HIS
397 748 648 797 temporibus
692 760 818 797 regno
864 747 1132 785 Orientalium
1176 748 1415 798 Anglorum‚

227 815 319 859 post
356 808 632 859 Earpualdum
670 808 870 846 Redualdi
908 822 1192 855 successorem,
1230 809 1415 860 Sigberct

227 871 353 909 frater
378 873 463 909 eius
488 870 679 920 praefuit,
704 870 824 908 homo
850 871 978 908 bonus
1005 884 1051 908 ac
1075 871 1306 922 religiosus:
1347 875 1414 922 qui

227 933 380 970 dudum
406 935 448 969 in
477 931 622 978 Gallia,
650 932 747 970 dum
774 934 1001 970 inimicitias
1029 932 1229 970 Redualdi
1256 932 1415 983 fugiens

228 994 425 1040 exularet,
460 993 663 1032 lavacrum
700 995 891 1045 baptismi
928 997 1125 1045 percepit,
1163 1000 1206 1033 et
1241 998 1415 1045 patriam

226 1070 422 1102 reversus,
438 1057 506 1093 ubi
521 1070 647 1106 regno
662 1059 816 1106 potitus
832 1061 909 1101 est,
923 1070 1018 1093 mox
1035 1070 1083 1094 ea
1099 1070 1203 1106 quae
1219 1058 1260 1093 in
1277 1056 1414 1095 Galliis

228 1119 331 1156 bene
350 1119 544 1168 disposita
562 1118 662 1156 vidit
680 1120 829 1155 imitari
846 1121 1026 1168 cupiens,
1044 1120 1221 1155 instituit
1239 1117 1414 1156 scholam

228 1183 268 1217 in
287 1193 368 1230 qua
386 1182 502 1230 pueri
520 1179 646 1218 literis
667 1180 944 1218 erudirentur:
978 1182 1144 1218 iuvante
1164 1193 1206 1218 se
1228 1183 1414 1231 episcopo

229 1241 359 1280 Felice
379 1255 500 1292 quem
519 1242 570 1280 de
590 1241 735 1279 Cantia
753 1247 980 1292 acceperat,
1000 1244 1137 1292 eisque
1156 1242 1414 1293 paedagogos

227 1318 273 1341 ac
290 1306 504 1354 magistros
523 1306 639 1341 iuxta
656 1317 811 1342 morem
831 1303 1139 1341 Cantuariorum
1158 1304 1395 1354 praebente.

275 1366 534 1416 Tantumque
559 1379 631 1403 rex
656 1365 724 1403 ille
749 1365 934 1404 caelestis
960 1368 1074 1416 regni
1101 1371 1257 1403 amator
1283 1365 1413 1404 factus

227 1434 304 1474 est,
323 1434 370 1465 ut
390 1428 442 1465 ad
461 1426 649 1465 ultimum
668 1427 816 1465 relictis
836 1429 951 1477 regni
970 1430 1158 1477 negotiis,
1179 1433 1222 1465 et
1241 1434 1414 1478 cognato

225 1504 298 1528 suo
338 1489 506 1539 Ecgrice
547 1489 854 1534 commendatis,
896 1491 964 1539 qui
1006 1494 1050 1527 et
1091 1494 1213 1526 antea
1254 1495 1413 1539 partem

227 1551 408 1590 eiusdem
435 1553 550 1602 regni
577 1552 762 1597 tenebat,
789 1554 962 1589 intraret
987 1553 1278 1589 monasterium
1306 1552 1413 1602 quod

225 1614 300 1651 sibi
317 1613 485 1658 fecerat,
503 1618 627 1663 atque
645 1618 813 1663 accepta
829 1618 996 1650 tonsura
1011 1625 1083 1662 pro
1101 1618 1268 1650 aeterno
1284 1615 1413 1663 magis

226 1688 351 1726 regno
377 1673 551 1712 militare
577 1680 750 1712 curaret.
804 1673 925 1721 Quod
951 1674 1048 1712 dum
1074 1673 1203 1711 multo
1229 1679 1413 1724 tempore

225 1738 393 1782 faceret,
408 1739 580 1787 contigit
595 1742 762 1786 gentem
782 1736 1026 1774 Merciorum
1042 1736 1144 1773 duce
1160 1749 1257 1786 rege
1275 1735 1413 1773 Penda

226 1799 415 1838 adversus
436 1797 665 1836 Orientales
686 1797 839 1848 Anglos
859 1800 901 1835 in
919 1796 1072 1835 bellum
1091 1797 1324 1847 procedere,
1345 1799 1413 1848 qui

226 1861 322 1898 dum
359 1873 403 1898 se
438 1859 646 1898 inferiores
682 1862 724 1897 in
760 1858 867 1897 bello
903 1858 1084 1896 hostibus
1121 1861 1414 1909 conspicerent,

224 1927 470 1972 rogaverunt
505 1921 761 1972 Sigberctum
799 1921 851 1958 ad
887 1920 1205 1958 confirmandum
1241 1918 1412 1958 militem

501 2033 516 2054 ²
538 2033 596 2075 μία
612 2033 802 2076 σαββάτων;
828 2033 932 2065 Matr.
950 2032 1071 2065 xxviii.
1088 2033 1119 2065 1.

224 2101 294 2135 412
