1473 2322
407 132 519 169 THE
555 130 885 169 VENERABLE
920 129 1067 168 BEDE

146 250 273 287 usque
287 236 406 273 hodie
422 237 644 273 certissima
658 237 829 285 vestigia
843 247 1007 272 cernere
1021 234 1127 272 licet.
1183 234 1331 285 Incipit

146 296 284 328 autem
320 290 490 327 duorum
520 288 648 327 ferme
678 288 833 325 milium
864 291 995 338 spatio
1027 301 1050 324 a
1086 291 1330 326 monasterio

145 345 452 393 Aebbercurnig
483 343 534 379 ad
563 342 830 385 occidentem,
860 344 901 378 in
931 342 1017 378 loco
1048 344 1116 391 qui
1146 354 1331 379 sermone

146 396 350 434 Pictorum
379 394 614 440 Peanfahel‚
641 395 779 445 lingua
809 401 947 432 autem
976 395 1199 446 Anglorum
1229 394 1331 432 Pen-

145 450 288 489 neltun
321 449 571 500 appellatum
619 454 662 486 et
694 449 868 486 tendens
901 454 1042 486 contra
1075 449 1327 486 occidentem

146 506 388 542 terminatur
405 505 522 540 iuxta
538 503 680 539 urbem
700 501 891 539 Alcluith.

197 557 348 595 Verum
363 556 379 579 1
420 559 571 606 priores
613 558 762 592 inimici
804 561 851 593 ut
891 555 1118 592 Romanum
1159 555 1331 593 militem

147 611 276 648 abisse
295 615 604 660 conspexerant,
621 623 715 647 mox
734 609 893 647 advecti
910 610 1078 646 navibus
1097 611 1333 659 inrumpunt

146 667 354 708 terminos,
400 664 641 713 eaeduntque
688 666 835 707 omnia,
883 668 926 701 et
972 665 1085 712 quasi
1131 669 1332 700 maturam

146 724 331 769 segetem
350 718 467 754 obvia
493 729 679 766 quaeque
704 722 881 760 metunt,
901 716 1072 761 calcant,
1097 721 1333 754 transeunt:

147 772 255 809 unde
283 785 439 808 rursum
464 773 685 807 mittuntur
714 769 884 807 Romam
914 769 1055 820 legati,
1085 769 1208 808 flebili
1236 783 1333 808 voce

148 825 340 862 auxilium
385 824 662 874 imploranteS,
707 837 758 861 ne
803 826 966 873 penitus
1012 825 1158 861 misera
1202 825 1335 873 patria

147 878 366 922 deleretur,
385 891 436 915 ne
457 891 604 915 nomen
623 877 829 914 Romanae
849 879 1076 927 provinciae
1096 877 1204 926 quod
1225 877 1334 927 apud

148 945 215 970 eos
227 938 313 969 tam
326 932 394 969 diu
406 931 619 975 claruerat,
632 936 863 968 exterarum
876 933 1060 981 gentium
1071 931 1333 980 improbitate

149 986 339 1023 obrutum
378 985 602 1022 vilesceret.
656 984 830 1020 Rursum
857 986 1036 1021 mittitur
1068 983 1188 1035 legio,
1229 996 1334 1033 quae

149 1041 357 1089 inopinata
410 1044 595 1088 tempore
651 1039 835 1074 autumni
891 1038 1109 1075 adveniens
1164 1050 1332 1088 magnas

148 1092 324 1130 hostium
348 1097 504 1143 strages
529 1092 657 1135 dedit,
682 1104 831 1141 eosque
855 1094 924 1141 qui
949 1092 1120 1129 evadere
1144 1096 1335 1141 poterant

148 1159 286 1184 omnes
315 1152 426 1183 trans
455 1148 582 1182 maria
610 1144 781 1195 fugavit,
811 1147 879 1195 qui
908 1147 1016 1194 prius
1047 1147 1334 1182 anniversarias

148 1200 316 1250 praedas
337 1205 448 1236 trans
468 1201 595 1236 maria
608 1198 717 1235 nullo
737 1199 961 1236 obsistente
976 1211 1121 1249 cogere
1136 1197 1334 1235 solebant.

198 1253 302 1290 Tum
338 1253 508 1290 Romani
542 1252 833 1290 denuntiavere
866 1251 1143 1296 Brettonibus,
1177 1265 1258 1288 non
1291 1265 1334 1289 se

148 1306 255 1344 ultra
280 1307 332 1344 ob
359 1320 497 1344 eorum
523 1305 801 1343 defensionem
827 1311 912 1342 tam
938 1305 1144 1342 laboriosis
1171 1305 1335 1355 expedi-

149 1361 326 1398 tionibus
355 1373 471 1410 posse
500 1358 684 1410 fatigari:
728 1362 834 1409 ipsos
864 1361 998 1408 potius
1027 1363 1196 1396 monent
1225 1371 1335 1395 arma

151 1416 350 1464 corripere
377 1419 421 1451 et
446 1413 627 1451 certandi
655 1426 746 1450 cum
772 1412 954 1450 hostibus
982 1413 1160 1450 studium
1187 1413 1335 1455 subire,

149 1470 218 1518 qui
245 1481 327 1504 non
355 1467 473 1504 aliam
501 1467 553 1504 ob
582 1479 743 1504 causam
772 1479 894 1516 quam
923 1468 955 1503 si
983 1468 1058 1516 ipsi
1086 1468 1233 1503 inertia
1260 1464 1336 1502 sol-

150 1527 340 1559 verentur
378 1523 434 1558 eis
471 1526 637 1570 possent
675 1533 763 1558 esse
800 1519 997 1557 fortiores.
1051 1519 1159 1566 Quin
1197 1521 1335 1563 etiam,

153 1574 276 1624 quia2
313 1579 356 1612 et
390 1573 465 1611 hoc
500 1576 614 1611 sociis
651 1586 749 1623 quos
777 1573 1057 1623 derelinquere
1086 1573 1336 1622 cogebantur

152 1628 303 1678 aliquid
343 1628 541 1664 commodi
584 1627 812 1664 adlaturum
853 1628 1070 1677 putabant,
1110 1639 1269 1663 murum
1312 1638 1336 1663 a

299 1724 310 1742 ¹
334 1723 384 1755 To
400 1722 466 1754 end
483 1723 518 1755 of
534 1722 676 1764 chapter
692 1722 824 1764 mainly
840 1722 971 1760 Gfldas,
988 1723 1020 1762 ἓξ
1039 1723 1091 1759 18,
1110 1723 1161 1754 19.

299 1766 313 1786 ²
334 1766 401 1798 For
418 1766 514 1806 quod,
532 1765 583 1797 Pl.

198 1848 211 1867 ¹
233 1847 418 1879 Abercorn.
455 1846 527 1878 The
543 1846 634 1888 dyke
649 1856 720 1878 was
734 1846 835 1878 made
852 1846 899 1887 by
914 1846 1113 1878 Antoninus
1126 1846 1219 1882 Pius,
1231 1855 1266 1887 p.
1281 1845 1333 1878 30.

197 1890 210 1909 ²
234 1890 327 1922 Bede
345 1900 453 1922 seems
471 1893 508 1921 to
527 1890 616 1921 have
634 1889 739 1921 taken
758 1890 908 1930 literally
926 1899 946 1920 a
965 1889 1146 1929 metaphor
1164 1889 1200 1920 of
1217 1888 1335 1920 Gildas

152 1934 350 1974 comparing
370 1933 429 1964 the
448 1933 624 1974 slaughter
644 1933 680 1964 of
699 1932 758 1963 the
778 1943 901 1973 enemy
919 1935 956 1964 to
977 1931 1036 1963 the
1054 1931 1116 1963 fan
1135 1931 1172 1963 of
1189 1935 1335 1963 autumn

152 1976 218 2037 lea?
229 1987 330 2050 ‘⁵3⁵3ssss
345 2017 392 2059 by
409 2017 578 2055 Hadrian,
595 2026 668 2051 ΑΛ).
688 2017 844 2054 117-138,
863 2017 951 2049 from
968 2016 1103 2058 Solway
1117 2018 1155 2048 to
1171 2015 1276 2056 Tyne.

157 2073 202 2120 58
