1473 2322
462 134 572 170 THE
608 132 938 170 VENERABLE
974 133 1121 170 BEDE

200 249 381 286 georum,
401 240 444 272 et
462 237 562 272 tecti
581 234 704 279 fenei,
724 240 767 272 et
785 234 845 272 his
865 236 1006 272 urbem
1025 237 1066 272 in
1083 248 1233 286 magna
1251 235 1388 273 altitu-

200 300 293 337 dine
317 299 595 344 circumdedit,
619 312 642 336 a
664 304 781 349 parte
805 312 909 349 quae
932 305 1066 337 terrae
1090 305 1153 337 est
1175 302 1387 350 contigua:

201 370 244 402 et
275 364 372 401 dum
403 369 571 401 ventum
603 369 875 413 opportunum
906 370 1104 409 cerneret,
1135 363 1260 402 inlato
1292 367 1387 415 igne

200 429 434 466 comburere
457 429 600 466 urbem
622 430 730 465 nisus
755 434 829 466 est.
884 427 974 475 Quo
997 434 1180 478 tempore
1203 442 1388 467 reveren-

200 495 375 530 tissimus
396 495 564 530 antistes
584 493 718 530 Aidan
737 494 778 530 in
796 491 926 530 insula
945 493 1089 538 Fame,
1109 507 1212 543 quae
1232 494 1387 531 duobus

199 558 327 596 ferme
340 557 514 594 millibus
529 571 719 607 passuum
734 558 784 594 ab
800 558 897 595 urbe
912 556 1049 608 procul
1063 559 1193 603 abest,
1207 559 1389 596 moraba-

200 628 278 659 tur.
333 621 407 659 Illo
433 624 540 660 enim
565 625 724 672 saepius
750 628 931 660 secretae
957 625 1146 660 orationis
1173 628 1216 660 et
1240 622 1388 661 silentii

200 700 320 724 causa
359 687 549 724 secedere
590 692 815 724 consuerat.
869 686 1059 737 Denique
1100 701 1228 738 usque
1267 687 1388 726 hodie

199 751 331 789 locum
360 751 465 789 sedis
493 750 597 788 illius
627 751 828 789 solitariae
857 754 898 788 in
928 752 1072 789 eadem
1100 751 1230 789 insula
1257 751 1389 790 solent

200 816 427 854 ostendere.
483 815 563 862 Qui
590 829 681 852 cum
709 818 839 853 ventis
867 815 1091 854 ferentibus
1118 816 1258 867 globos
1285 819 1388 868 ignis

201 894 247 918 ae
277 881 433 918 fumum
465 894 586 930 supra
616 893 749 917 muros
783 881 890 918 urbis
923 879 1093 918 exaltari
1124 884 1388 932 conspiceret,

201 946 329 983 fertur
361 944 528 983 elevatis
561 945 613 982 ad
643 944 800 982 caelum
831 944 954 982 oculis
985 946 1266 996 manibusque,
1297 960 1388 984 cum

199 1009 384 1061 lacrymis
404 1010 573 1047 dixisse:
612 1008 634 1022 ‘⁴
652 1009 769 1054 Vide,
789 1009 979 1055 Domine,
996 1016 1149 1060 quanta
1167 1010 1273 1048 mala
1291 1011 1388 1049 facit

202 1073 381 1112 Penda.’'
436 1074 526 1121 Quo
556 1074 678 1119 dieto,
708 1077 847 1111 statim
876 1077 1024 1111 mutati
1054 1075 1105 1112 ab
1135 1076 1233 1113 urbe
1264 1079 1389 1122 venti,

200 1142 240 1176 in
269 1152 336 1177 eos
365 1142 433 1189 qui
462 1139 744 1184 accenderant,
772 1139 1024 1176 flammarum
1051 1140 1236 1177 incendia
1263 1146 1389 1179 retor-

201 1209 354 1248 serunt,
374 1206 432 1240 ita
453 1209 499 1240 ut
521 1202 673 1253 aliquot
692 1203 804 1248 laesi,
825 1217 964 1241 omnes
985 1206 1130 1249 territi,
1150 1207 1388 1255 impugnare

201 1268 306 1305 ultra
340 1268 482 1305 urbem
516 1274 722 1305 cessarent
756 1281 878 1318 quam
912 1269 1102 1306 divinitus
1136 1271 1263 1307 iuvari
1296 1282 1388 1320 cog-

199 1338 407 1371 noverant.

664 1457 781 1495 CAP.
818 1458 937 1496 XVII

206 1556 254 1593 Ut
274 1560 430 1606 apposta
450 1554 623 1592 ecclesiae
642 1554 701 1592 cui
720 1555 814 1592 idem
835 1555 1048 1594 accumbens
1068 1555 1220 1602 obierat,
1240 1557 1389 1596 ardente

299 1625 417 1657 cetera
430 1619 550 1665 domo,
551 1619 724 1670 flammis
738 1619 881 1657 absumi
893 1620 1094 1672 nequiverit
1105 1637 1123 1665 ,·
1141 1627 1175 1658 et
1188 1621 1233 1659 de
1244 1621 1387 1660 interna

297 1684 373 1721 vita
393 1684 483 1722 eius.

248 1781 367 1819 HUNc
395 1795 487 1819 cum
514 1782 599 1819 dies
627 1784 767 1819 mortis
796 1782 935 1833 egredi
964 1796 986 1821 e
1014 1796 1178 1834 corpore
1207 1790 1386 1835 cogeret,

197 1845 407 1896 completis
441 1849 554 1883 annis
589 1849 844 1897 episcopatus
877 1850 938 1885 sui
971 1848 1189 1893 sexdecim,
1224 1855 1312 1887 erat
1344 1852 1385 1887 in

197 1911 289 1948 villa
306 1914 431 1961 regia,
449 1925 530 1948 non
546 1911 667 1961 longe
687 1913 737 1949 ab
756 1913 856 1950 urbe
875 1913 925 1950 de
945 1926 1026 1963 qua
1043 1913 1215 1963 praefati
1235 1927 1382 1952 sumus.

198 1976 245 2012 In
266 1975 340 2013 hac
363 1978 470 2015 enim
491 1975 645 2015 habens
668 1975 876 2018 ecclesiam
900 1982 942 2017 et
963 1977 1204 2024 cubiculum,
1225 1981 1384 2030 saepius

195 2070 267 2107 404
