1473 2322
417 142 527 179 THE
564 141 894 179 VENERABLE
930 141 1077 179 BEDE

152 258 231 282 non
246 247 430 281 minimas
449 244 600 282 eisdem
615 244 797 282 hostibus
813 249 968 294 strages
984 245 1151 289 dabant,
1167 244 1336 294 quadra-

151 300 305 348 gesimo
335 300 491 335 circiter
521 303 564 335 et
593 303 737 347 quarto
767 310 871 334 anno
901 298 1098 335 adventus
1129 311 1267 335 eorum
1295 301 1335 335 in

154 351 406 388 Brittaniam.
461 350 540 388 Sed
560 350 659 388 haec
677 351 946 401 postmodum.

601 567 717 606 CAP.
754 568 872 606 XVII
888 569 904 592 1

160 648 208 686 Ut
231 648 438 685 Germanus
458 648 649 699 episcopus
670 662 749 686 cum
771 647 876 699 Lupo
897 648 1121 686 Brittaniam
1142 649 1336 699 navigans,

254 707 287 738 et
300 702 421 752 primo
441 702 567 746 maris,
586 707 620 738 et
633 701 864 752 postmodum
882 701 1169 753 Pelagianorum
1188 708 1338 753 tempes-

255 761 362 792 tatem
381 755 507 792 dz‘vina
526 755 654 792 virtute
672 755 863 792 sedaverit.

206 838 321 872 Am:
347 849 493 885 paucos
520 849 616 873 sane
643 836 840 873 adventus
861 850 998 873 eorum
1019 849 1142 873 annos
1163 835 1338 873 haeresis

157 888 372 939 pelagiana
400 903 471 938 per
499 889 727 939 Agricolam
754 889 893 932 inlata,
922 888 1124 927 Severiani
1153 889 1337 939 Episcopi

156 941 359 992 Pelagiani
403 942 540 986 filium,
579 942 699 979 fidem
740 942 1028 979 Brittaniarum
1067 941 1185 979 foeda
1222 948 1338 991 peste

154 995 527 1033 commaculaverat.
582 995 732 1034 Verum
755 995 927 1033 Brittani
951 1009 1041 1032 cum
1063 1008 1196 1045 neque
1220 997 1339 1032 susci-

153 1062 250 1098 pere
265 1049 412 1099 dogma
426 1062 658 1098 perversum
673 1052 846 1100 gratiam
862 1048 1008 1086 Christi
1023 1048 1339 1098 blasphemando

155 1101 354 1140 ullatenus
392 1102 556 1146 vellent,
594 1115 726 1152 neque
765 1104 982 1139 versutiam
1027 1101 1204 1140 nefariae
1248 1115 1337 1151 per—

153 1157 346 1193 suasionis
362 1154 540 1193 refutare
558 1156 687 1193 verbis
703 1155 894 1193 certando
911 1155 1159 1199 sufficerent3
1189 1157 1340 1192 inveni-

156 1214 229 1245 unt
261 1208 419 1246 salubre
453 1208 674 1253 consilium,
707 1214 754 1246 ut
787 1222 810 1245 a
844 1208 1057 1245 Gallicanis
1091 1208 1339 1245 antistitibus

155 1261 347 1299 auxilium
366 1261 460 1299 belli
480 1261 666 1311 spiritalis
685 1264 902 1311 inquirant.
957 1261 1089 1308 Quam
1109 1262 1160 1299 ob
1179 1274 1339 1299 causam

155 1314 322 1352 collecta
342 1328 491 1366 magna
511 1315 664 1365 synodo
687 1315 958 1365 quaerebatur
973 1317 1013 1351 in
1028 1328 1254 1359 commune,
1271 1317 1338 1365 qui

153 1367 232 1405 illic
263 1368 315 1406 ad
345 1368 656 1406 succurrendum
687 1368 780 1406 fidei
811 1370 920 1405 mitti
951 1368 1170 1406 deberent:
1216 1373 1339 1418 atque

155 1424 335 1458 omnium
377 1422 522 1459 iudicio
566 1421 684 1459 electi
727 1427 821 1458 sunt
864 1420 1069 1470 apostolici
1111 1421 1340 1459 sacerdotes

156 1474 381 1513 Germanus
429 1475 776 1519 Autissidorensis,
816 1480 858 1512 et
906 1474 1043 1524 Lupus
1090 1473 1340 1512 Trecasenae

155 1529 328 1565 civitatis
351 1530 539 1578 episcopi,
557 1530 625 1578 qui
648 1528 699 1566 ad
714 1527 1027 1565 confirmandam
1044 1527 1165 1565 fidem
1182 1529 1340 1578 gratiae

155 1580 340 1619 caelestis
366 1581 584 1619 Brittanias
605 1584 800 1619 venirent.
855 1580 935 1627 Qui
955 1594 1046 1618 cum
1065 1586 1254 1631 prompta
1272 1580 1341 1618 de-

156 1636 317 1672 votione
331 1647 470 1684 preces
485 1640 527 1672 et
542 1637 650 1671 iussa
666 1640 832 1671 sanctae
849 1633 1041 1672 ecclesiae
1057 1636 1340 1683 suscepissent,

155 1690 309 1724 intrant
329 1701 538 1732 oceanum,
560 1693 603 1725 et
623 1700 750 1737 usque
773 1688 824 1724 ad
843 1687 1022 1725 medium
1043 1689 1196 1725 itineris
1218 1700 1297 1737 quo
1318 1700 1341 1723 a

156 1739 308 1778 Gallico
352 1744 438 1778 sinu
485 1741 702 1778 Brittanias
747 1754 874 1791 usque
917 1740 1113 1784 tenditur,
1156 1740 1340 1778 secundis

207 1819 219 1837 ²
243 1818 409 1859 Chapters
425 1817 643 1849 XVII—XXI
660 1828 717 1848 are
733 1817 840 1849 taken
856 1817 940 1848 with
955 1817 1020 1849 few
1036 1817 1237 1848 alterations
1253 1817 1341 1848 from

170 1860 243 1892 Vita
258 1861 293 1892 S.
311 1861 467 1893 Germani
482 1860 526 1902 by
543 1860 778 1898 Constantius,
804 1861 941 1892 written
965 1859 1114 1892 towards
1136 1859 1196 1891 the
1217 1859 1284 1891 end
1307 1860 1343 1892 of

159 1903 218 1935 the
233 1903 309 1935 fifth
327 1907 481 1944 century.

206 1977 218 1996 ¹
242 1976 313 2007 The
329 1976 409 2007 date
425 1977 460 2008 of
475 1976 539 2007 the.
550 1975 659 2007 battle
673 1977 701 2007 is
716 1979 844 2007 matter
860 1975 895 2006 of
909 1975 1012 2006 much
1028 1979 1260 2016 controversy.
1306 1975 1342 2006 It

161 2029 229 2050 was
245 2019 369 2061 fought
384 2019 420 2050 in
436 2018 495 2050 the
509 2019 605 2051 West
618 2018 785 2059 Country,
804 2018 869 2051 but
884 2017 946 2050 the
962 2017 1059 2060 place
1075 2018 1103 2049 is
1119 2020 1181 2050 not
1196 2017 1340 2049 certain.

161 2073 206 2119 76
