1473 2322
431 153 542 191 THE
580 152 913 191 VENERABLE
948 152 1097 191 BEDE

172 256 290 295 Unde
313 258 516 306 praesenti
540 255 645 306 stylo
667 255 857 307 gloriosos
881 269 948 294 vos
973 255 1242 294 adhortandos
1265 269 1356 293 cum

169 312 276 347 omni
304 309 450 347 affectu
478 311 645 347 intimae
673 311 852 347 caritatis
873 312 1120 354 curavimus3
1155 313 1355 359 quatenus

170 364 408 401 abominatis
424 362 537 401 idolis
555 376 774 413 eorumque
790 362 916 407 cultu,
930 365 1156 413 spretisque
1172 363 1356 400 fanorum

170 416 440 460 fatuitatibus,
477 420 520 454 et
556 418 813 467 auguriorum
848 415 1167 466 deceptabilibus
1202 415 1356 453 blandi-

170 472 330 514 mentis,
365 469 538 507 credatis
573 471 615 506 in
650 469 786 507 Deum
822 468 985 507 Patrem
1020 471 1356 519 omnipotentem,

170 525 335 573 eiusque
351 523 494 560 Filium
507 523 532 561 J
538 536 650 560 esum
665 522 881 566 Christum,
897 527 939 560 et
953 521 1146 573 Spiritum
1158 527 1356 566 sanctum,

170 581 216 614 ut
227 576 453 620 credentes,
467 589 489 613 a
501 576 722 614 diabolicae
735 578 981 626 captivitatis
994 576 1178 619 nexibus,
1190 580 1354 614 sanctae

170 635 213 668 et
228 629 456 667 individuae
472 629 679 668 Trinitatis
696 634 939 679 cooperante
956 631 1154 679 potentia,
1170 628 1355 673 absoluti,

170 687 360 721 aeternae
388 685 495 721 vitae
522 685 681 733 possitis
709 696 796 721 esse
824 685 1052 733 participes.

221 736 242 749 ‘⁴
263 737 427 782 Quanta
477 741 616 774 autem
665 736 920 774 reatitudinis
971 735 1089 785 culpa
1137 739 1356 774 teneantur

169 791 349 828 obstricti
373 790 412 826 ln·
437 792 504 839 qui
526 789 801 826 idolatriarum
824 791 1197 838 perniciosissimam
1220 802 1357 838 super-

169 845 375 880 stitionem
398 843 575 880 colentes
601 842 913 892 amplectuntur,
937 855 1075 880 eorum
1099 845 1166 892 qui
1181 842 1198 866 1
1220 842 1357 879 colunt

171 896 356 946 exempla
394 896 629 946 perditionis
668 898 896 940 insinuant3
950 896 1057 934 unde
1098 895 1149 933 de
1189 897 1245 934 eis
1285 909 1357 945 per

171 949 422 988 Psalmistam
443 949 610 987 dicitur:
640 949 648 962 ‘
669 949 819 987 Omnes
843 949 897 987 dii
921 951 1105 999 gentium
1131 949 1356 994 daemonia,

170 1003 365 1041 Dominus
395 1007 533 1041 autem
560 1002 690 1041 caelos
719 1001 844 1040 fecit.'
898 1003 953 1040 Et
975 1005 1145 1040 iterum:
1180 1002 1188 1016 ⁸
1208 1001 1354 1040 Oculos

169 1056 336 1100 habent,
353 1061 396 1094 et
411 1069 492 1094 non
507 1056 669 1100 vident3
695 1069 810 1094 aures
827 1055 994 1101 habent,
1011 1061 1054 1094 et
1068 1069 1149 1093 non
1165 1055 1356 1093 audiunt:

169 1123 284 1148 nares
308 1109 476 1154 habent,
501 1114 544 1148 et
566 1123 647 1147 non
671 1110 920 1154 odorabunt3
957 1123 1098 1148 manus
1123 1109 1290 1154 habent,
1313 1112 1357 1147 et

169 1176 249 1200 non
273 1162 519 1213 palpabunt3
557 1163 682 1212 pedes
706 1162 874 1208 habent,
898 1167 942 1201 et
965 1176 1045 1200 non
1069 1162 1355 1200 ambulabunt:

169 1216 315 1255 similes
333 1230 428 1267 ergo
445 1216 669 1254 efficiuntur
684 1215 744 1254 his
762 1219 830 1267 qui
846 1230 959 1266 spem
975 1229 1072 1255 suae
1088 1215 1355 1254 confidentiae

169 1274 326 1320 ponunt
354 1272 395 1306 in
425 1268 509 1308 eis.’
563 1269 774 1316 Quomodo
805 1272 913 1308 enim
941 1270 1104 1307 iuvandi
1133 1269 1356 1319 quemlibet

169 1328 337 1373 possunt
379 1322 529 1361 habere
572 1325 765 1361 virtutem
807 1322 862 1368 hi,
905 1325 974 1373 qui
1017 1336 1067 1361 ex
1109 1322 1355 1373 corruptibili

169 1378 340 1415 materia
390 1376 624 1414 inferiorum
676 1378 800 1414 etiam
851 1377 1230 1426 subpositorumque
1281 1376 1355 1413 tibi

169 1430 352 1468 manibus
388 1434 695 1474 construuntur3
745 1430 888 1480 quibus
923 1429 1111 1468 videlicet
1144 1429 1355 1466 artificium

170 1483 390 1520 humanum
407 1483 715 1522 adcommodans
734 1486 789 1522 eis
806 1485 1069 1520 inanimatam
1084 1484 1354 1521 membrorum

168 1536 472 1575 similitudinem
495 1536 723 1580 contulisti3
762 1539 830 1586 qui
855 1539 929 1574 nisi
953 1549 978 1574 a
1000 1541 1044 1575 te
1068 1539 1168 1573 moti
1192 1536 1354 1580 fuerint,

169 1590 375 1628 ambulare
405 1603 484 1627 non
514 1594 721 1640 poterunt,
751 1590 823 1628 sed
852 1594 1047 1640 tanquam
1075 1589 1176 1639 lapis
1206 1592 1247 1626 in
1276 1602 1353 1626 uno

167 1643 254 1681 loco
290 1646 458 1693 positus,
494 1645 554 1680 ita
590 1645 808 1682 constructi
846 1643 1024 1693 nihilque
1061 1643 1354 1694 intelligentiae

167 1696 380 1741 habentes,
394 1699 560 1747 ipsaque
575 1696 883 1735 insensibilitate
898 1697 1045 1741 obruti,
1059 1696 1209 1733 nullam
1223 1709 1353 1746 neque

170 1749 355 1787 laedendi
397 1763 529 1799 neque
570 1750 733 1787 iuvandi
774 1749 1012 1787 facultatem
1054 1750 1191 1799 adepti
1232 1749 1353 1787 sunt?

169 1803 260 1849 Qua
289 1815 384 1853 ergo
413 1805 560 1841 mentis
590 1803 830 1852 deceptione
869 1816 935 1841 eos
974 1803 1084 1847 deos,
1113 1803 1255 1852 quibus
1286 1815 1353 1840 vos

538 1904 551 1923 ²
572 1904 626 1935 for
644 1915 723 1944 quos
738 1903 847 1941 MSS„
863 1914 918 1936 see
934 1904 987 1936 Pl.

361 2024 372 2042 1
397 2022 452 2053 Pa.
471 2022 561 2054 xcvi.
579 2024 611 2055 5.
896 2024 908 2044 ὓ
931 2022 987 2055 Pa,
1005 2032 1082 2053 cxv.
1100 2023 1177 2054 4-8.

171 2085 239 2133 258
