1473 2322
456 130 567 167 THE
604 129 934 166 VENERABLE
968 129 1116 166 BEDE

190 232 378 270 videlicet
404 231 550 269 natalis
576 232 632 268 ibi
659 230 763 269 solet
789 233 830 268 in
857 243 1007 281 magna
1032 229 1159 281 gloria
1185 230 1379 269 celebrari

190 287 256 324 die
283 286 489 323 Nonarum
517 284 722 322 Iuliarum.

687 430 805 468 CAP.
844 430 903 467 IX

197 518 247 556 Ut
271 517 310 555 in
337 517 414 555 loco
440 516 479 554 in
505 530 577 568 quo
604 516 745 554 occisus
771 522 824 553 est
849 529 913 553 rex
941 515 1099 561 Οεααὶᾱ,
1126 515 1253 554 crebra
1279 516 1379 554 sani-

293 576 407 608 tatum
435 570 615 608 miracula
632 570 749 621 facta
766 586 782 613 ,·
825 575 935 621 utque
961 569 1012 606 ibi
1035 570 1156 620 primo
1183 569 1381 608 iumentum

291 624 483 662 cuiusdam
516 624 664 670 viantis,
699 637 743 661 ac
775 623 905 660 deinde
931 623 1061 674 puella
1088 623 1302 675 paralytica
1333 624 1381 662 sit

292 684 433 716 curata.

242 765 451 802 REGNAVIT
502 769 641 801 autem
693 762 847 800 Osuald
898 761 1258 800 Christianissimus
1309 777 1381 801 rex

192 818 619 869 Nordanhymbrorum
643 830 788 854 novem
813 819 941 861 annis,
966 817 1231 854 adnumerato
1257 820 1382 855 etiam

191 872 258 910 illo
280 886 399 918 anno,
423 885 544 922 quem
567 877 610 909 et
633 870 766 909 feralis
788 873 976 920 impietas
998 873 1104 920 regis
1126 870 1382 916 Brettonum,

193 932 236 963 et
260 928 463 975 apostasia
487 926 654 963 demens
678 938 821 975 regum
845 923 1071 974 Anglorum
1095 924 1381 962 detestabilem

192 979 358 1017 fecerat.
413 979 634 1029 Siquidem,
676 984 723 1015 ut
764 991 885 1027 supra
925 978 1147 1023 docuimus,
1189 981 1380 1016 unanimo

192 1036 370 1071 omnium
413 1046 609 1070 consensu
663 1032 867 1069 firmatum
915 1037 991 1076 est,
1034 1037 1081 1068 ut
1134 1045 1283 1070 nomen
1338 1038 1381 1070 et

191 1090 385 1125 memoria
426 1092 703 1136 apostatarum
745 1087 795 1123 de
837 1084 1021 1135 catalogo
1062 1098 1205 1135 regum
1247 1085 1380 1123 Chris-

192 1144 394 1178 tianorum
409 1154 569 1191 prorsus
586 1139 736 1178 aboleri
752 1140 935 1184 deberet,
948 1152 1081 1189 neque
1098 1139 1240 1190 aliquis
1255 1152 1382 1189 regno

193 1209 331 1233 eorum
378 1207 505 1231 annus
551 1194 747 1231 adnotari.
802 1192 893 1239 Quo
939 1192 1140 1242 completo
1186 1206 1381 1231 annorum

192 1248 386 1286 curriculo
427 1250 577 1285 occisus
619 1253 682 1285 est
721 1249 932 1284 commisso
972 1249 1084 1296 gravi
1124 1246 1289 1296 praelio,
1330 1248 1381 1285 ab

193 1303 336 1341 eadem
359 1315 519 1352 pagana
541 1307 666 1351 gente
689 1314 930 1351 paganoque
953 1313 1050 1350 rege
1075 1299 1334 1346 Merciorum‚
1358 1315 1382 1338 a

193 1370 272 1407 quo
296 1362 338 1394 et
360 1356 645 1406 praedecessor
669 1357 752 1392 eius
776 1355 952 1392 Aeduini
975 1360 1210 1404 peremptus
1233 1353 1381 1400 fuerat,

192 1414 232 1448 in
253 1410 338 1447 loco
359 1412 427 1460 qui
445 1409 585 1460 lingua
604 1408 828 1458 Anglorum
848 1413 1103 1458 nuncupatur
1125 1407 1381 1454 Maserfelth,

193 1478 296 1501 anno
315 1466 461 1501 aetatis
479 1477 575 1501 suae
593 1465 800 1513 trigesimo
818 1468 973 1507 octavo,
991 1462 1056 1500 die
1074 1464 1215 1512 quinto
1232 1465 1380 1500 mensis

193 1519 380 1567 Augusti.

243 1572 364 1609 Cuius
388 1575 541 1620 quanta
564 1570 662 1608 fides
684 1572 725 1606 in
749 1570 897 1613 Deum,
921 1582 1025 1619 quae
1048 1569 1209 1606 devotio
1231 1572 1379 1606 mentis

192 1625 328 1670 fuerit,
346 1627 470 1663 etiam
486 1630 578 1674 post
593 1629 780 1668 mortem,
797 1626 992 1660 virtutum
1009 1621 1207 1660 miraculis
1223 1622 1378 1660 claruit.

194 1678 380 1728 Namque
407 1681 448 1715 in
473 1677 560 1715 loco
587 1678 657 1714 ubi
683 1691 755 1727 pro
782 1679 915 1726 patria
941 1677 1134 1714 dimicans
1163 1690 1186 1713 a
1212 1679 1379 1727 paganis

191 1732 430 1770 interfectus
455 1737 531 1776 est,
554 1744 682 1781 usque
705 1730 824 1768 hodie
849 1733 1044 1768 sanitates
1067 1730 1313 1767 infirmorum
1337 1736 1380 1769 et

192 1787 399 1824 hominum
419 1791 462 1824 et
480 1798 671 1835 pecorum
689 1783 883 1823 celebrari
901 1798 982 1821 non
1001 1784 1202 1822 desinunt.
1258 1784 1379 1823 Unde

236 1882 250 1944 ἐ
273 1882 457 1955 ἷᾶθῗιῖξῆθᾶ
478 1924 562 1955 with
582 1923 755 1964 Oswestry
777 1879 1044 1959 (Osxzxvalsdezaee),
1068 1921 1132 1953 but
1155 1921 1329 1964 Oswestry
1349 1923 1378 1953 is

192 1977 246 2040 {fe
248 1967 414 2041 &21sser
439 1967 534 2008 place
559 1967 612 1998 for
635 1977 656 1997 a
681 1965 794 1997 battle
818 1965 970 1997 between
995 1964 1285 1996 Northumbrians
1309 1965 1377 1996 and

192 2071 263 2118 368
