1473 2322
440 177 551 214 THE
588 175 918 214 VENERABLE
953 175 1101 213 BEDE

230 278 465 328 Primusque
487 291 557 316 rex
581 277 708 316 Osuiu
729 280 949 328 praemissa
970 277 1236 328 praefatione,
1258 278 1367 327 quod

178 349 384 393 oporteret
411 356 478 380 eos
505 346 573 393 qui
600 356 680 380 una
706 343 796 381 Deo
824 345 1034 387 servirent,
1061 356 1183 379 unam
1209 342 1367 380 vivendi

178 403 358 453 regulam
377 410 533 449 tenere,
552 418 626 442 nec
645 404 872 454 discrepare
890 406 931 441 in
949 403 1221 442 celebratione
1240 418 1368 442 sacra-

177 474 405 506 mentorum
442 469 692 514 caelestium,
729 472 797 520 qui
834 482 960 506 unum
996 482 1134 507 omnes
1170 472 1212 506 in
1247 469 1367 507 caelis

177 547 347 583 regnum
391 539 700 584 exspectarent;
756 533 1042 584 inquirendum
1084 536 1218 584 potius
1262 547 1367 584 quae

178 604 285 636 esset
303 600 431 636 verior
449 599 627 643 traditio,
647 603 690 636 et
708 597 810 635 hanc
829 598 880 635 ab
899 598 1083 635 omnibus
1102 600 1368 636 communiter

178 676 264 701 esse
279 663 551 713 sequendam:
567 665 682 700 iussit
698 666 826 712 primo
841 663 975 701 djeere
991 665 1223 713 episcopum
1249 676 1366 700 suum

177 726 428 773 Colmanum,
450 730 518 778 qui
541 733 648 765 esset
668 730 783 772 ritus,
806 732 848 765 et
869 727 978 765 unde
999 729 1195 777 originem
1217 727 1366 766 ducens

176 791 242 829 ille
308 806 429 842 quem
494 795 580 841 ipse
645 797 896 842 sequeretur.
950 791 1062 829 Tunc
1128 791 1365 830 Cohnanus:

177 856 198 869 ‘⁴
219 855 412 901 Pascha,''
427 859 573 907 inquit,
588 856 609 869 “
630 856 704 894 hoc
719 856 828 906 quod
842 870 963 906 agere
977 855 1101 901 soleo,
1115 869 1139 893 a
1151 857 1367 894 maioribus

175 924 275 959 meis
302 924 451 971 accepi,
477 923 545 971 qui
570 934 636 958 me
661 920 739 958 huc
765 923 998 970 episcopum
1022 923 1233 966 miserunt,
1259 922 1367 972 quod

176 1000 314 1023 omnes
342 992 478 1036 patres
507 988 647 1030 nostri,
675 987 746 1022 viri
774 985 866 1023 Deo
895 985 1045 1030 dilecti,
1075 985 1218 1023 eodem
1247 987 1366 1024 modo

175 1050 398 1088 celebrasse
425 1056 656 1088 noscuntur.
712 1049 831 1096 Quod
856 1063 908 1087 ne
934 1052 997 1086 cui
1023 1051 1365 1088 contemnendum

176 1121 219 1153 et
234 1115 532 1165 reprobandum
550 1128 637 1153 esse
655 1115 853 1160 videatur,
869 1117 1001 1165 ipsum
1019 1120 1081 1152 est
1097 1115 1206 1165 quod
1222 1115 1366 1153 beatus

176 1180 426 1230 evangelista
456 1179 656 1217 Iohannes
687 1179 902 1229 discipulus
933 1179 1161 1229 specialiter
1189 1179 1366 1218 Domino

175 1245 359 1290 dilectus,
400 1258 491 1281 eum
533 1245 717 1281 omnibus
760 1244 903 1294 quibus
944 1249 1133 1294 praeerat
1175 1243 1365 1290 ecclesiis,

174 1309 398 1348 celebrasse
415 1307 607 1359 legitur.’'
661 1308 752 1355 Quo
770 1307 870 1346 haec
890 1313 932 1346 et
949 1307 1010 1345 his
1029 1307 1172 1345 similia
1190 1308 1366 1354 dicente,

174 1377 290 1412 iussit
306 1388 378 1412 rex
398 1380 440 1411 et
459 1373 740 1423 Agilberctum
758 1372 937 1423 proferre
955 1375 996 1410 in
1014 1372 1194 1411 medium
1211 1386 1366 1412 morem

175 1453 270 1477 suae
304 1440 607 1483 observationis,
641 1438 748 1476 unde
780 1440 940 1475 initium
972 1435 1156 1482 haberet,
1189 1437 1254 1476 vel
1285 1451 1366 1489 qua

175 1504 280 1541 hunc
315 1505 559 1541 auctoritate
593 1508 844 1553 sequeretur.
899 1501 1124 1552 Respondit
1158 1501 1366 1552 Agilberc-

174 1576 262 1606 tus:
300 1568 322 1581 “
343 1567 566 1618 Loquatur,
589 1567 767 1612 obsecro,
791 1569 875 1605 vice
898 1580 990 1604 mea
1013 1565 1228 1616 discipulus
1250 1580 1364 1605 meus

175 1633 318 1671 Vilfrid
351 1633 579 1683 presbyter,
616 1634 710 1683 quia
745 1644 871 1669 unum
907 1631 1025 1668 ambo
1061 1633 1236 1681 sapimus
1272 1644 1363 1669 cum

174 1700 319 1737 ceteris
360 1700 429 1749 qui
469 1696 532 1735 hic
574 1696 762 1735 adsident
802 1695 1096 1734 ecclesiasticae
1138 1696 1364 1735 traditionis

173 1761 415 1805 cultoribus3
453 1766 496 1799 et
518 1759 584 1798 ille
607 1759 750 1799 melius
774 1773 820 1798 ac
842 1759 1095 1798 manifestius
1118 1761 1206 1810 ipsa
1227 1759 1365 1811 lingua

173 1826 412 1876 Anglorum,
445 1839 567 1876 quam
600 1838 676 1876 ego
709 1838 782 1875 per
812 1827 1094 1875 interpretem,
1126 1830 1264 1874 potest
1296 1839 1364 1864 ex-

173 1891 338 1941 planare
361 1903 465 1941 quae
488 1888 726 1928 sentimus.''
778 1889 891 1927 Tunc
913 1888 1056 1926 Vilfrid
1077 1889 1244 1927 iubente
1266 1903 1363 1940 rege

174 1961 219 1993 ut
239 1956 406 2000 diceret,
425 1957 485 1992 ita
505 1968 669 1993 exorsus
691 1959 775 1993 est:
810 1953 833 1967 “
853 1952 1007 1991 Pascha
1027 1953 1135 2003 quod
1154 1953 1363 2000 facimus,''

172 2023 318 2070 inquit,
349 2019 562 2057 “vidimus
593 2019 746 2057 Romae
777 2019 845 2056 ubi
875 2019 988 2057 beati
1018 2016 1189 2068 apostoli
1219 2017 1364 2058 Petrus

172 2092 244 2137 464
