1473 2322
460 138 571 176 THE
608 138 938 176 VENERABLE
973 138 1120 176 BEDE

201 244 389 291 temporis
435 241 713 292 psalmodiam,
758 243 789 279 si
837 254 918 279 non
963 241 1152 280 valetudo
1209 246 1382 293 corporis

199 295 428 339 obsisteret,
456 295 636 344 quotidie
663 294 898 344 psalterium
925 300 1058 332 totum
1084 298 1125 332 in
1151 299 1383 333 memoriam

199 348 357 385 divinae
372 347 500 385 laudis
517 348 777 392 decantaret3
809 354 852 385 et
868 351 963 398 quia
978 351 1019 385 in
1035 351 1143 385 omni
1159 352 1384 399 septimana

199 402 307 438 diem
336 414 428 438 cum
457 406 577 438 nocte
606 404 762 438 ieiunus
791 404 994 439 transiret.
1050 401 1232 452 Cumque
1263 402 1385 439 finitis

199 455 384 499 lacrimis,
412 455 597 505 precibus
628 460 671 492 et
700 457 816 500 votis,
845 455 1009 493 domum
1038 455 1203 499 rediret,
1233 457 1386 493 invenit

198 508 376 546 sodalem
423 508 714 546 dormientem:
772 513 816 546 et
861 510 947 558 ipse
985 521 1145 559 quoque
1193 507 1384 546 lectulum

200 561 485 606 conscendens,
506 563 641 612 coepit
662 564 703 598 in
724 564 906 611 quietem
926 562 1109 599 membra
1129 561 1278 600 laxare.
1332 562 1387 600 Et

200 628 290 652 cum
338 614 546 665 paululum
594 617 834 665 quiesceret,
883 614 1193 665 expergefactus
1241 615 1386 653 sodalis

199 671 380 718 respexit
404 681 511 713 eum,
537 673 580 705 et
604 671 683 706 ait:
722 673 745 689 ‘⁶
766 668 802 706 O
827 667 954 705 frater
977 669 1218 719 Ecgbercte,
1242 681 1266 705 o
1291 669 1385 719 quid

201 722 358 759 fecisti?
412 721 633 772 Sperabam
659 724 752 772 quia
776 724 928 771 pariter
953 722 1004 759 ad
1029 724 1153 759 vitam
1179 727 1385 759 aeternam

201 779 453 812 intraremus.
508 775 799 813 Verumtamen
815 777 914 812 scito
931 777 1025 826 quia
1041 788 1144 825 quae
1161 775 1387 826 postulasti,

202 827 413 878 accipies.’'
469 828 678 866 Didicerat
715 830 822 865 enim
859 841 931 878 per
968 831 1172 873 visionem,
1212 834 1255 866 et
1291 829 1387 878 quid

201 882 265 919 ille
276 882 291 905 1
305 884 502 932 petiisset,
518 887 560 919 et
574 885 667 932 quia
680 884 811 931 petita
824 884 1078 931 inpetrasset.
1112 882 1219 929 Quid
1232 882 1386 919 multa?

203 936 295 985 Ipse
319 934 494 972 Edilhun
517 938 699 985 proxima
722 941 842 972 nocte
865 934 1079 973 defunctus
1104 941 1188 972 est:
1227 941 1270 972 at
1293 947 1386 973 vero

202 989 403 1040 Ecgberct
442 989 610 1026 decussa
647 988 833 1026 molestia
871 988 1135 1039 aegritudinis
1174 988 1388 1033 convaluit,

203 1055 248 1079 ac
295 1041 423 1079 multo
471 1047 614 1091 postea
661 1047 845 1091 tempore
893 1045 1044 1087 vivens,
1093 1047 1385 1092 acceptumque

203 1096 413 1133 sacerdotii
451 1095 622 1145 gradum
659 1096 865 1146 condignis
903 1108 1048 1132 ornans
1086 1096 1259 1140 actibus,
1296 1101 1388 1145 post

203 1149 331 1186 multa
353 1152 549 1185 virtutum
571 1149 690 1193 bona,
713 1154 760 1186 ut
782 1152 867 1198 ipse
890 1148 1161 1193 desiderabat,
1183 1161 1326 1198 nuper,
1347 1148 1388 1186 id

204 1208 280 1247 est,
312 1216 416 1239 anno
448 1202 684 1239 Dominicae
715 1205 997 1239 incarnationis
1028 1204 1387 1253 septingentesimo

204 1258 391 1293 vicesimo
419 1268 538 1300 nono,
565 1268 657 1292 cum
685 1261 794 1293 esset
819 1258 905 1306 ipse
933 1268 1127 1293 annorum
1155 1258 1389 1306 nonaginta,

205 1311 393 1360 migravit
414 1309 465 1346 ad
486 1322 613 1359 regna
633 1308 835 1346 caelestia.
890 1308 1021 1347 Duxit
1042 1314 1180 1346 autem
1203 1311 1326 1346 vitam
1348 1311 1389 1345 in

205 1375 353 1413 magna
407 1361 659 1406 humilitatis,
714 1362 1047 1407 mansuetudinis,
1102 1364 1389 1406 continentiae,

204 1415 469 1466 simplicitatis
495 1421 537 1453 et
560 1417 739 1453 iustitiae
762 1414 1023 1466 perfectione.
1080 1415 1200 1453 Unde
1217 1421 1260 1453 et
1274 1418 1386 1466 genti

205 1482 315 1513 suae,
334 1475 376 1506 et
393 1468 468 1506 illis
485 1471 527 1506 in
545 1468 689 1519 quibus
708 1469 900 1506 exulabat
916 1469 1144 1506 nationibus
1162 1467 1388 1506 Scottorum

205 1525 287 1560 sive
305 1521 523 1567 Pictorum,
542 1521 727 1572 exemplo
745 1522 918 1566 vivendi,
936 1528 979 1559 et
996 1524 1189 1559 instantia
1206 1521 1389 1566 docendi,

206 1582 248 1613 et
268 1578 511 1613 auctoritate
532 1575 784 1625 corripiendi,
806 1581 848 1613 et
867 1578 1023 1626 pietate
1043 1575 1238 1626 largiendi
1258 1575 1309 1613 de
1329 1573 1389 1612 his

207 1641 311 1679 quae
328 1642 352 1665 a
368 1629 557 1666 divitibus
575 1634 799 1679 acceperat,
816 1629 987 1666 multum
1004 1628 1166 1679 profuit.
1221 1628 1390 1666 Addidit

207 1687 344 1719 autem
363 1685 465 1719 votis
484 1694 588 1732 quae
600 1682 787 1726 diximus,
803 1688 849 1719 ut
861 1695 1020 1732 semper
1031 1685 1072 1719 in
1084 1682 1389 1733 quadragesima

205 1749 284 1773 non
300 1735 388 1785 plus
407 1748 528 1786 quam
545 1735 670 1772 semel
692 1738 733 1772 in
751 1735 816 1773 die
833 1735 1030 1780 reficeret,
1047 1748 1127 1773 non
1145 1735 1252 1773 aliud
1270 1748 1389 1785 quam

204 1801 351 1840 panem
387 1801 432 1826 ac
466 1788 527 1826 lac
561 1791 854 1834 tenuissimum,
889 1793 932 1826 et
965 1788 1040 1826 hoc
1073 1801 1165 1826 cum
1204 1801 1390 1826 mensura

205 1847 409 1893 gustaret:
445 1842 553 1892 quod
573 1841 760 1880 videlicet
778 1842 840 1879 lac
866 1842 994 1892 pridie
1015 1855 1161 1879 novum
1182 1843 1224 1879 in
1243 1841 1389 1892 phialia

710 1927 721 1945 ¹
746 1926 811 1963 ille,
828 1925 880 1957 Pl.

319 2012 331 2032 ¹
354 2011 565 2053 Frequently
578 2011 734 2053 imposed
749 2021 787 2043 or
802 2011 1015 2043 undertaken
1031 2021 1069 2043 as
1084 2021 1105 2043 a
1119 2021 1282 2053 penance.

204 2071 276 2115 488
