1473 2322
400 142 511 179 THE
547 141 878 179 VENERABLE
914 142 1061 180 BEDE

138 245 260 283 fuisse
297 258 487 282 numerus
535 244 836 289 monachorum,
872 249 919 281 ut
954 258 1045 282 cum
1079 248 1122 282 in
1168 251 1326 296 septem

138 309 342 356 portiones
393 310 501 343 esset
549 319 640 342 cum
690 309 930 355 praepositis
980 307 1055 344 sibi
1104 309 1326 346 rectoribus

138 369 426 405 monasterium
466 367 651 411 divisum,
691 367 801 404 nulla
840 367 983 404 harum
1024 371 1156 418 portio
1195 371 1326 407 minus

138 443 260 479 quam
297 433 503 466 trecentos
542 428 724 467 homines
763 428 950 474 haberet,
990 432 1057 480 qui
1097 443 1236 468 omnes
1275 431 1327 468 de

136 490 274 528 labore
312 504 506 527 manuum
545 503 707 528 suarum
746 493 880 528 vivere
919 490 1116 529 solebant.
1172 491 1327 530 Horum

139 565 234 602 ergo
260 551 420 601 plurimi
448 552 500 588 ad
524 556 791 589 memoratam
819 555 960 597 aciem,
987 557 1152 603 peracto
1178 556 1327 591 ieiunio

137 614 341 658 triduano,
390 626 482 650 cum
532 612 618 650 aliis
667 614 807 651 orandi
857 627 978 652 causa
1040 619 1327 660 convenerant,

137 675 336 712 habentes
367 674 622 712 defensorem
652 678 814 713 nomine
845 675 1127 720 Broemailum,
1159 678 1227 726 qui
1259 690 1327 714 eos

136 739 316 774 intentos
345 736 530 786 precibus
560 749 583 773 a
613 736 875 773 barbarorum
903 736 1048 787 gladiis
1077 741 1325 788 protegeret.

137 798 317 844 Quorum
361 811 523 834 causam
566 797 766 835 adventus
809 811 900 835 cum
943 797 1213 837 intellexisset
1254 812 1326 838 rex

137 858 351 903 Aedilfrid,
382 862 462 896 ait:
511 858 533 871 ‘¹
553 859 661 909 Ergo
695 861 726 897 si
756 859 968 897 adversum
1002 873 1072 898 nos
1107 861 1158 898 ad
1190 859 1327 899 Deum

136 934 253 959 suum
282 920 474 964 clamant,
503 920 686 970 profecto
716 925 759 959 et
788 923 862 971 ipsi
893 924 1074 971 quamvis
1105 935 1216 959 arma
1245 936 1326 960 non

136 983 285 1027 ferant,
312 987 453 1020 contra
480 996 551 1020 nos
579 987 765 1033 pugnant
793 985 859 1033 qui
889 983 1066 1021 adversis
1094 998 1165 1023 nos
1193 986 1327 1034 inpre-

136 1045 361 1082 cationibus
395 1043 737 1094 persequuntur.”
792 1044 938 1095 Itaque
973 1046 1013 1082 in
1047 1045 1118 1084 hos
1152 1048 1327 1096 primum

137 1119 248 1143 arma
280 1108 382 1144 verti
415 1106 544 1150 iubet,
577 1110 620 1144 et
651 1108 705 1143 sic
739 1110 895 1145 ceteras
938 1106 1139 1145 nefandae
1171 1108 1326 1146 militae

136 1169 270 1217 copias
295 1181 375 1204 non
400 1169 486 1205 sine
511 1180 659 1217 magno
685 1170 886 1206 exercitus
907 1171 966 1206 sui
991 1168 1138 1206 damno
1159 1167 1324 1207 delevit.

136 1229 369 1267 Exstinctos
385 1231 425 1266 in
443 1242 491 1266 ea
507 1242 645 1279 pugna
662 1228 813 1273 ferunt,
830 1229 881 1268 de
898 1229 958 1267 his
976 1232 1045 1280 qui
1063 1230 1114 1268 ad
1129 1231 1326 1268 orandum

138 1294 346 1335 venerant,
384 1292 487 1328 viros
527 1292 686 1328 circiter
722 1290 831 1328 mille
869 1291 1079 1335 ducentos,
1118 1296 1161 1330 et
1197 1291 1325 1330 solum

137 1354 433 1403 quinquaginta
451 1351 549 1402 fuga
567 1366 654 1390 esse
670 1351 816 1402 lapsos.
870 1352 1065 1390 Brocmail
1084 1353 1135 1391 ad
1151 1356 1325 1403 primum

138 1414 311 1451 hostium
334 1414 555 1451 adventum
577 1427 669 1450 cum
690 1416 771 1451 suis
793 1418 913 1465 terga
935 1419 1111 1459 vertens,
1134 1428 1202 1453 eos
1225 1429 1325 1465 quos

137 1475 356 1514 defendere
390 1475 603 1519 debuerat,
636 1477 810 1513 inermes
844 1488 890 1513 ac
923 1476 1050 1514 nudos
1083 1476 1324 1515 ferientibus

135 1537 278 1588 gladiis
304 1536 481 1587 reliquit.
535 1536 680 1586 Sicque
707 1536 953 1587 completum
981 1542 1044 1575 est
1069 1540 1324 1589 praesagium

135 1601 263 1637 sancti
289 1598 488 1648 pontificis
514 1599 747 1648 Augustini,
773 1601 953 1649 quamvis
979 1601 1065 1649 ipso
1089 1601 1169 1636 iam
1194 1599 1324 1637 multo

135 1665 231 1698 ante
251 1664 436 1709 tempore
457 1660 508 1697 ad
536 1659 728 1698 caelestia
755 1660 908 1710 regna1
930 1659 1104 1704 sublato,
1125 1664 1170 1697 ut
1199 1663 1322 1698 etiam

136 1721 367 1771 temporalis
395 1723 584 1759 interitus
614 1721 767 1760 ultione
797 1724 997 1759 sentirent
1026 1722 1183 1770 perfidi,
1214 1722 1321 1773 quod

136 1783 273 1821 oblata
291 1784 364 1821 sibi
385 1788 610 1834 perpetuae
629 1783 770 1822 salutis
790 1783 953 1821 consilia
972 1788 1220 1834 spreverant.

598 1994 612 2022 ³
634 1995 686 2026 for
704 1995 802 2035 requi,
821 1995 872 2027 Pl.

130 2071 149 2097 Z
161 2070 200 2095 12
