1473 2322
432 130 545 167 THE
583 129 914 167 VENERABLE
949 129 1096 167 BEDE

622 255 738 293 CAP.
776 255 914 293 XXIX

179 342 228 379 Ut
274 341 441 392 Viglzard
476 341 666 393 presbyter
706 341 933 379 ordinandus
972 342 1010 379 in
1051 343 1361 395 archiepiscopum

276 395 431 433 Romam
449 395 493 432 de
510 394 698 432 Brittania
716 395 763 432 sit
781 395 915 433 missus
936 411 947 432 :
983 410 1088 447 quem
1106 396 1261 435 remissa
1278 410 1362 435 mox

276 448 413 500 scripta
427 462 552 500 papae
572 448 774 500 apostolici,
794 448 925 486 ibidem
945 448 1076 487 obiisse
1094 450 1333 488 narraverint.

227 535 302 572 H1s
322 535 571 584 temporibus
590 547 706 586 reges
727 535 950 586 Anglorum
969 535 1215 580 nobilissimi,
1236 535 1363 573 Osuiu

176 591 401 638 provinciae
415 589 450 625 N
453 588 854 639 ordanhymbrorum,
868 595 910 626 et
923 589 1122 640 Ecgberct
1130 589 1364 628 cantuario-

176 655 278 686 rum,
299 642 438 680 habito
459 645 566 679 inter
587 655 629 679 se
651 642 826 686 consilio,
849 642 944 692 quid
965 643 1017 680 de
1039 648 1150 680 statu
1172 643 1363 681 ecclesiae

176 695 399 747 Anglorum
421 702 529 733 esset
544 695 761 747 agendum,
773 696 1032 734 intellexerat
1047 699 1153 734 enim
1169 700 1364 735 veraciter

178 749 318 794 Osuiu,
354 753 534 799 quamvis
571 750 765 787 educatus
800 763 824 786 a
858 748 1020 794 Scottis,
1055 753 1150 800 quia
1185 750 1365 788 Romana

178 809 286 841 esset
307 803 503 840 catholica
537 809 579 840 et
600 803 818 853 apostolica
850 803 1031 848 ecclesia,
1052 804 1365 854 adsumpserunt

177 870 268 894 cum
300 856 498 894 electione
530 862 573 894 et
603 869 798 894 consensu
829 863 994 894 sanctae
1018 858 1208 895 ecclesiae
1231 861 1364 909 gentis

178 910 416 962 Anglorum‚
437 914 563 947 virum
590 911 754 955 bonum,
775 915 818 948 et
843 917 985 961 aptum
1005 914 1239 961 episcopatu
1257 924 1366 962 pres-

177 966 368 1016 byterum
405 967 567 1002 nomine
605 964 869 1015 Vighardum,
906 965 958 1003 de
994 964 1100 1002 clero
1138 965 1366 1004 Deusdedit

181 1021 370 1069 episcopi,
409 1023 452 1055 et
489 1017 594 1055 hune
631 1021 858 1055 antistitem
895 1018 1159 1056 ordinandum
1198 1018 1366 1056 Romam

179 1076 397 1110 miserunt:
435 1077 635 1122 quatenus
659 1078 825 1122 accepto
848 1074 933 1122 ipse
955 1072 1084 1123 gradu
1107 1071 1366 1123 archiepisco-

179 1132 313 1177 patus,
351 1125 565 1163 catholicos
603 1139 676 1176 per
713 1138 875 1163 omnem
913 1125 1150 1163 Brittaniam
1193 1126 1366 1164 ecclesiis

180 1180 403 1231 Anglorum
425 1180 608 1217 ordinare
629 1185 766 1230 posset
787 1182 1002 1217 antistites.

231 1234 380 1271 Verum
419 1233 600 1284 Vighard
639 1233 807 1270 Romam
847 1236 1097 1283 perveniens,
1137 1236 1367 1283 priusquam

180 1290 400 1325 consecrari
426 1290 466 1324 in
494 1291 770 1337 episcopatum
796 1293 947 1337 posset,
973 1292 1102 1324 morte
1130 1293 1367 1337 praereptus

181 1347 257 1381 est.
299 1346 341 1379 et
381 1340 608 1379 huiusmodi
649 1342 791 1379 literae
831 1343 917 1392 regi
959 1340 1086 1378 Osuiu
1127 1341 1366 1378 Brittaniam

180 1397 369 1433 remissae
389 1401 494 1433 sunt.
634 1398 637 1401 ’
1065 1424 1078 1433 ,

231 1456 254 1471 “
274 1449 449 1486 Domino
490 1448 704 1486 excellenti
744 1448 823 1485 filio
863 1448 987 1485 Osuio
1025 1450 1112 1498 regi
1150 1446 1367 1492 Saxonum,

182 1502 404 1540 Vitalianus
431 1505 654 1552 episcopus,
679 1515 815 1539 servus
841 1515 1044 1539 servorum
1071 1503 1161 1539 Dei.

183 1556 480 1595 Desiderabiles
496 1556 631 1594 literas
647 1555 911 1593 excellentiae
928 1561 1085 1593 vestrae
1100 1558 1367 1606 suscepimus:

181 1624 280 1660 quas
314 1611 557 1661 relegentes,
591 1612 848 1661 cognovimus
882 1612 966 1646 eius
998 1611 1216 1659 piissimam
1249 1609 1368 1647 devo-

181 1668 347 1709 tionem,
385 1664 805 1714 ferventissimumque
843 1676 1034 1707 amorem,
1072 1676 1192 1713 quem
1243 1662 1368 1700 habet

180 1724 346 1768 propter
382 1719 547 1755 beatam
584 1720 733 1761 vitam3
786 1722 829 1754 et
867 1719 960 1767 quia
997 1717 1167 1754 dextera
1204 1717 1366 1753 Domini

181 1777 424 1823 protegente
451 1772 503 1809 ad
529 1784 665 1808 veram
693 1776 735 1808 et
762 1771 1021 1821 apostolicam
1050 1770 1171 1807 fidem
1198 1772 1249 1807 sit
1276 1783 1367 1807 con-

450 1955 460 1973 ¹
484 1955 557 1986 Not
573 1964 593 1984 a
609 1953 726 1985 monk.

446 1998 457 2017 ²
482 1997 576 2039 Pope
590 1997 679 2029 from
696 1995 859 2030 657-673.

180 2080 252 2116 494
