1473 2322
398 124 509 162 THE
546 123 876 163 VENERABLE
911 124 1060 162 BEDE

134 228 236 265 Tum
267 228 401 266 iudex*
418 232 537 265 tanta
567 227 848 265 miraculorum
876 227 1111 266 caelestium
1138 231 1320 267 novitate

133 281 350 331 perculsus,
387 283 533 319 cessari
575 295 670 318 mox
715 294 738 318 a
781 285 1062 331 persecutione
1098 285 1320 332 praecepit,

132 335 324 373 honorem
339 334 490 372 referre
509 337 702 384 incipiens
718 335 830 372 caedi
851 341 1094 379 sanctorum,
1107 349 1179 385 per
1198 349 1320 386 quam

134 402 201 426 eos
227 389 468 438 opinabatur
492 390 600 438 prius
627 401 651 425 a
670 388 921 425 Christianae
941 388 1034 426 fidei
1059 402 1175 439 posse
1201 390 1321 427 devo-

132 444 244 479 tione
279 430 459 488 cessare}
502 440 647 478 Passus
683 446 747 479 est
783 447 921 479 autem
956 442 1101 480 beatus
1137 442 1318 480 Albanus

134 496 199 533 die
232 495 388 532 decimo
424 494 698 532 Kalendarum
728 494 934 539 Iuliarum,
964 497 1079 532 iuxta
1111 498 1319 534 civitatem

133 548 418 592 Verolamium,
447 560 551 597 quae
583 561 689 585 nunc
722 561 746 585 a
777 554 902 598 gente
932 548 1156 599 Anglorum
1183 549 1321 587 Verla-

131 604 345 639 macaestir
358 604 441 639 sive
456 601 822 652 Vaeelingacaestir
835 601 1075 652 appellatur,
1088 603 1156 640 ubi
1177 608 1320 652 postea

132 656 331 693 redeunte
343 660 573 705 temporum
587 655 903 692 Christianorum
916 658 1137 694 serenitate
1151 656 1319 694 ecclesia

134 714 198 746 est
232 709 403 745 mirandi
439 711 570 758 operis
607 714 731 757 atque
769 711 854 746 eius
889 711 1083 760 martyrio
1119 710 1319 759 condigna

134 767 353 799 exstructa.
409 761 456 798 In
475 775 553 811 quo
571 762 759 800 videlicet
775 761 862 799 loco
878 775 1006 813 usque
1025 763 1076 800 ad
1091 762 1195 800 hanc
1212 763 1318 801 diem

134 818 287 853 curatio
304 815 551 852 infirmorum
570 821 614 853 et
631 815 905 866 frequentium
924 819 1105 866 operatio
1123 819 1319 854 virtutum

133 869 327 907 celebrari
346 882 426 905 non
446 869 607 906 desinit.

185 921 295 959 Passi
307 928 402 959 sunt
414 935 461 960 ea
472 927 720 972 tempestate
734 922 891 959 Aar0n1
903 927 946 960 et
958 922 1080 960 Iulius
1096 922 1319 974 Legionum

135 975 256 1013 Urbis
280 978 400 1019 cives,
425 975 571 1025 aliique
595 978 804 1025 utriusque
829 989 948 1013 sexus
972 976 1137 1014 diversis
1160 979 1202 1013 in
1224 976 1319 1013 locis

133 1029 355 1079 perplures,
384 1031 451 1078 qui
480 1029 645 1066 diversis
673 1030 914 1066 cruciatibus
942 1032 1039 1066 torti
1069 1035 1111 1067 et
1138 1030 1321 1067 inaudita

132 1084 404 1120 membrorum
416 1082 684 1132 discerptione
699 1082 878 1126 lacerati,
891 1085 1042 1120 animas
1056 1084 1107 1121 ad
1123 1095 1319 1134 supernae

135 1138 308 1173 civitatis
328 1136 475 1187 gaudia
495 1135 676 1186 perfecto
697 1149 826 1187 agone
847 1138 1055 1174 miserunt.

607 1496 723 1535 CAP.
761 1496 861 1534 VIII

144 1566 193 1603 Ut
239 1566 308 1603 hac
352 1571 515 1604 cessante
555 1566 819 1617 persecutione,
859 1566 1012 1604 ecclesia
1056 1566 1094 1604 in
1139 1566 1322 1605 Britaniis

239 1620 508 1671 aliquantulam
537 1633 652 1671 usque
673 1620 723 1656 ad
752 1626 914 1672 tempora
938 1620 1124 1657 Arrianae
1151 1621 1323 1659 vesaniae

239 1686 369 1723 pacem
398 1672 576 1710 habuerit.

185 1743 249 1779 AT
281 1743 349 1780 ubi
381 1744 500 1780 turbo
531 1746 820 1793 persecutionis
854 1745 1020 1794 quievit,
1051 1746 1251 1794 progressi
1281 1746 1322 1781 in

135 1795 339 1845 publicum
367 1796 506 1834 fideles
534 1796 681 1834 Christi
710 1799 777 1847 qui
805 1810 848 1834 se
875 1802 1060 1847 tempore
1088 1797 1322 1834 discriminis

389 1875 476 1907 1-Το
491 1875 626 1907 lacerati
640 1876 728 1907 from
746 1875 877 1913 Gildas,
894 1876 926 1915 §§
945 1877 996 1913 10,
1016 1876 1066 1908 ll.

184 1962 196 1980 ¹
220 1960 270 1992 St.
289 1961 428 1992 Albans.
476 1961 568 1993 Bede
585 1961 665 1993 does
682 1965 743 1993 not
759 1962 836 2003 give
853 1961 912 1993 the
927 1971 1021 2003 year.

180 2004 193 2023 ²
217 2003 389 2044 Probably
414 2004 736 2037 Caerleon-on-Usk.
786 2004 1021 2042 Constantius,
1047 2003 1124 2035 who
1148 2004 1320 2045 governed

140 2068 189 2101 44
