1473 2322
454 131 567 170 THE
603 130 933 170 VENERABLE
967 130 1119 169 BEDE
1132 130 1146 173 ’τ

189 237 392 288 religionis
431 249 511 273 non
549 237 704 274 minore
743 248 865 286 quam
903 239 1095 285 parentes
1134 239 1178 273 et
1215 235 1379 285 cognati

190 301 341 336 virtute
364 298 589 336 devotionis
613 299 809 335 exercuit.
863 296 1129 335 Nobilitatem
1152 309 1247 334 vero
1270 295 1379 332 illam

191 373 313 410 quam
354 359 405 397 ad
445 357 651 397 saeculum
691 358 906 396 videbatur
946 357 1112 402 habere,
1152 361 1285 394 totam
1327 356 1379 394 ad

190 420 499 459 nanciscendam
540 433 739 470 supernae
780 418 950 470 gloriam
992 419 1204 470 dignitatis
1245 418 1381 456 divina

190 485 322 534 gratia
359 482 560 533 largiente
599 483 811 519 convertit.
867 481 972 518 Nam
1010 485 1170 518 mutato
1210 484 1380 530 repente

191 544 332 582 habitu
363 543 572 588 saeculari,
600 545 892 581 monasterium
920 544 1057 593 petiit,
1085 544 1127 579 in
1156 555 1236 592 quo
1263 545 1381 578 tanta

190 606 451 656 perfectionis
480 607 613 656 gratia
641 607 776 654 coepit
804 606 1044 649 conversari,
1074 608 1134 648 ut,
1162 605 1267 642 sicut
1295 604 1380 653 ipse

191 673 334 718 postea
355 667 489 706 flendo
510 666 669 705 solebat
690 667 901 711 adtestari,
923 668 1056 703 animo
1078 665 1182 703 illius
1203 664 1383 702 labentia

192 734 338 767 cuncta
357 730 651 773 subteressent,
673 733 720 766 ut
741 729 861 766 rebus
884 728 1069 766 omnibus
1091 740 1196 777 quae
1218 725 1382 764 volvun-

191 797 259 829 tur
282 793 494 835 emineret,
511 795 558 827 ut
581 789 692 827 nulla
714 792 789 828 nisi
813 789 1005 828 caelestia
1024 791 1203 840 cogitare
1219 787 1383 832 soleret,

193 858 239 890 ut
267 855 391 891 etiam
418 856 604 890 retentus
632 865 798 901 corpore
826 854 914 901 ipsa
941 853 1021 888 iam
1050 852 1179 888 carnis
1207 849 1382 887 claustra

193 913 537 964 contemplatione
564 915 772 957 transiret,
799 917 846 950 ut
872 917 1047 950 mortem
1074 924 1250 962 quoque,
1277 924 1382 961 quae

193 990 298 1027 pene
319 977 472 1012 cunctis
495 987 627 1025 poena
648 979 726 1019 est,
747 973 938 1012 videlicet
959 978 1006 1011 ut
1026 976 1253 1024 ingressum
1273 975 1382 1011 vitae

195 1042 237 1076 et
258 1037 406 1075 laboris
430 1039 491 1074 sui
510 1038 735 1086 praemium
755 1040 923 1074 amaret.
978 1035 1120 1073 Haec1
1141 1039 1279 1073 autem
1298 1036 1384 1084 ipse

194 1100 245 1137 de
261 1113 318 1144 se,
334 1112 414 1136 non
430 1098 658 1148 profectum
674 1098 862 1135 iactando
879 1100 1092 1141 virtutum,
1109 1097 1180 1135 sed
1196 1095 1383 1134 deflendo

193 1164 327 1211 potius
360 1160 567 1198 defectum
600 1173 722 1210 quem
755 1160 830 1197 sibi
862 1173 936 1209 per
967 1172 1104 1196 curam
1135 1157 1384 1209 pastoralem

196 1225 406 1261 incurrisse
433 1222 661 1266 videbatur,
686 1221 837 1259 referre
863 1224 1140 1259 consueverat.
1193 1219 1384 1270 Denique

195 1290 380 1335 tempore
414 1283 591 1335 quodam
623 1287 797 1328 secreto,
830 1296 922 1320 cum
955 1282 1125 1320 diacono
1157 1295 1230 1320 suo
1263 1280 1385 1320 Petro

195 1346 453 1397 conloquens,
480 1347 727 1384 enumeratis
754 1346 876 1382 animi
902 1346 963 1382 sui
990 1344 1206 1382 virtutibus
1232 1345 1385 1394 priscis,

194 1422 289 1446 mox
321 1407 495 1446 dolendo
527 1407 758 1445 subiunxit:
819 1405 920 1443 “At
951 1419 1057 1443 nunc
1095 1419 1146 1444 ex
1178 1407 1384 1443 occasione

195 1484 315 1508 curae
328 1468 540 1520 pastoralis
548 1468 740 1507 saeculari
746 1481 813 1505 um
820 1467 1028 1505 hominum
1040 1469 1205 1518 negotia
1217 1469 1384 1517 patitur,

197 1537 240 1571 et
266 1536 360 1582 post
386 1536 473 1568 tam
501 1530 681 1581 pulcram
711 1532 859 1581 quietis
887 1542 984 1568 suae
1013 1531 1205 1580 speciem,
1233 1529 1385 1567 terreni

197 1598 310 1631 actus
332 1592 499 1643 pulvere
521 1592 723 1630 foedatur.
777 1591 962 1642 Cumque
984 1604 1027 1629 se
1049 1603 1121 1641 pro
1143 1589 1385 1628 condescen-

196 1658 307 1694 sione
322 1654 338 1678 2
364 1653 584 1692 multorum
610 1654 662 1691 ad
687 1654 889 1692 exteriora
913 1654 1119 1702 sparserit,
1144 1653 1269 1690 etiam
1293 1664 1385 1689 cum

197 1718 389 1755 interiora
412 1718 587 1766 appetit,
611 1715 663 1753 ad
684 1714 785 1753 haec
807 1713 945 1765 procul
968 1714 1091 1752 dubio
1112 1715 1243 1751 minor
1263 1712 1382 1751 redit.

199 1778 411 1828 Perpendo
435 1780 576 1828 itaque
603 1777 700 1827 quid
725 1775 869 1820 tolero,
893 1775 1101 1826 perpendo
1126 1774 1223 1824 quid
1248 1776 1384 1812 amisi:

198 1840 375 1890 dumque
403 1841 563 1876 intueor
590 1837 689 1875 illud
717 1837 825 1888 quod
852 1837 1024 1887 perdidi,
1052 1836 1098 1872 fit
1124 1835 1198 1872 hoe
1225 1837 1383 1885 gravius

199 1901 306 1952 quod
328 1899 490 1950 porto.’'

333 2002 341 2019 ¹
367 2001 419 2032 for
437 2000 514 2037 Hoc,
533 2000 583 2032 Pl.
865 2001 877 2017 ²
900 1999 953 2030 for
966 1997 1182 2034 descensione,
1198 1996 1248 2028 Pl.

202 2056 269 2092 186
