1473 2322
428 114 539 153 THE
579 114 909 153 VENERABLE
946 114 1095 153 BEDE

167 222 375 267 petierunt
402 221 444 255 in
472 230 522 255 ea
549 219 624 255 sibi
653 230 814 268 quoque
842 217 959 255 sedes
989 224 1032 256 et
1060 217 1353 256 habitationem

166 272 318 309 donari.
371 271 690 321 Respondebant
717 270 859 316 Seotti,
887 273 983 321 quia
1009 284 1090 309 non
1118 272 1257 309 ambos
1286 284 1354 309 eas

166 330 332 375 caperet
350 324 501 362 insula:
527 329 550 346 ‘⁶
567 325 639 363 sed
658 324 911 375 possumus‚”
936 327 1139 374 inquiunt,
1158 324 1181 338 “
1195 324 1355 362 salubre

167 379 277 416 vobis
303 378 399 416 dare
424 378 632 415 eonsilium
658 378 754 428 quid
780 391 902 428 agere
928 377 1108 416 valeatis.
1163 377 1356 416 Novimus

166 431 336 469 insulam
355 431 475 469 aliam
494 444 581 469 esse
601 445 680 469 non
699 432 834 481 procul
855 445 878 468 a
896 438 1046 475 nostra,
1064 437 1204 469 contra
1222 437 1356 469 ortum

166 485 272 530 solis,
317 499 439 536 quam
483 498 606 535 saepe
650 485 907 523 lucidioribus
952 485 1093 523 diebus
1139 485 1190 523 de
1235 484 1355 536 longe

167 541 345 588 aspicere
367 538 553 576 solemus.
609 538 725 576 Hanc
747 539 858 576 adire
880 540 912 576 si
936 538 1069 583 vultis,
1091 538 1354 576 habitabilem

166 593 276 630 vobis
316 591 450 629 facere
489 592 654 630 valetis:
708 592 772 629 vel
811 594 844 629 si
883 594 951 642 qui
991 594 1202 637 restiterit,
1241 593 1355 629 nobis

167 645 382 683 auxiliariis
419 644 621 683 utimini.”
675 645 822 695 Itaque
872 651 1063 695 petentes
1114 645 1352 683 Brittaniam

167 698 283 744 Picti,
320 699 504 737 habitare
542 711 615 749 per
651 698 989 748 septentrionales
1026 699 1181 736 insulae
1218 705 1355 749 partes

166 759 402 802 coeperunt,
440 766 534 789 nam
573 754 753 789 austrina
790 752 1006 790 Brettones
1045 758 1354 802 occupaverant.

167 806 350 856 Cumque
394 819 538 843 uxores
582 804 684 843 Picti
729 819 809 843 non
852 805 1051 844 habentes
1096 812 1288 855 peterent
1333 819 1357 843 a

166 859 328 905 Scottis,
352 872 401 897 ea
423 859 551 897 solum
584 859 814 897 conditione
848 859 944 897 dare
977 865 1281 904 consenserunt,
1310 864 1357 896 ut

167 914 234 951 ubi
270 925 333 951 res
368 915 601 963 perveniret
634 915 676 950 in
711 913 894 957 dubium,
928 915 1057 963 magis
1093 913 1144 951 de
1180 912 1357 950 feminea

166 980 308 1018 regum
349 968 548 1016 prosapia,
588 979 710 1016 quam
751 966 803 1004 de
842 966 1062 1004 masculina
1102 979 1241 1017 regem
1281 967 1356 1004 sibi

167 1020 388 1071 eligerent3
435 1020 544 1070 quod
576 1032 704 1071 usque
736 1018 856 1058 hodie
889 1020 999 1070 apud
1031 1019 1163 1058 Pictos
1196 1025 1356 1058 constat

168 1087 255 1111 esse
277 1079 495 1111 servatum.

212 1126 463 1165 Procedente
477 1132 616 1164 autem
629 1132 814 1176 tempore
826 1126 1026 1164 Brittania
1037 1133 1130 1177 post
1141 1126 1356 1165 Brettones

167 1187 210 1218 et
229 1180 376 1226 Pictos,
395 1183 559 1218 tertiam
588 1180 817 1218 Scottorum
847 1183 1054 1218 nationem
1083 1183 1123 1218 in
1152 1179 1356 1219 Pictorum

166 1241 282 1285 parte
298 1237 474 1284 reeepit3
505 1236 572 1285 qui
589 1234 691 1272 duee
708 1234 850 1272 Reuda
866 1234 916 1272 de
934 1234 1129 1272 Hibernia
1144 1238 1357 1286 progressi,

167 1288 230 1325 vel
259 1290 435 1325 amicitia
463 1287 527 1325 vel
555 1286 660 1325 ferro
689 1288 853 1326 sibimet
879 1290 987 1325 inter
1016 1300 1082 1325 eos
1111 1288 1227 1326 sedes
1256 1301 1357 1340 quas

167 1341 362 1379 haetenus
387 1341 554 1385 habent,
579 1341 853 1379 vindicarunt:
892 1355 916 1379 a
939 1354 1019 1392 quo
1044 1342 1230 1381 videlicet
1256 1345 1357 1389 :iuqe

167 1408 294 1445 usque
316 1395 435 1433 hodie
458 1395 695 1433 Dalreudini
717 1400 923 1439 vocantur,
946 1408 1037 1433 nam
1060 1395 1198 1448 lingua
1217 1407 1357 1434 eorum

167 1454 189 1470 ‘²
209 1448 300 1486 daal
319 1448 342 1461 ”
364 1454 522 1499 partem
543 1449 755 1500 signifieat.

218 1502 414 1540 Hibernia
441 1508 577 1540 autem
609 1513 651 1540 et
681 1502 894 1540 latitudine
921 1506 982 1540 sui
1009 1508 1155 1546 status,
1183 1508 1227 1541 et
1252 1503 1357 1542 saiu-

169 1557 333 1601 britate,
377 1570 422 1594 ac
466 1560 687 1594 serenitate
732 1569 870 1593 aerum
916 1557 1084 1594 muitum
1132 1557 1356 1595 Brittaniae

168 1615 363 1659 praestat,
402 1611 460 1647 ita
501 1615 547 1647 ut
585 1623 674 1647 raro
713 1610 766 1647 ibi
809 1612 874 1647 njx
919 1614 1128 1660 plusquam
1170 1611 1357 1648 triduana

167 1669 399 1700 remaneat:
443 1675 562 1701 nemo
593 1669 759 1713 propter
788 1663 962 1701 hiemem
993 1669 1065 1701 aut
1094 1664 1214 1701 foena
1242 1670 1355 1702 secet

211 1775 225 1795 ²
249 1775 316 1807 For
333 1775 394 1807 the
412 1775 478 1806 law
496 1775 532 1807 of
552 1775 680 1807 Pmtish
701 1776 893 1807 succession
916 1786 963 1807 we
983 1786 1065 1817 may
1083 1786 1243 1817 compare
1265 1776 1356 1808 what

164 1817 318 1855 Tacitus,
351 1818 458 1850 Germ.
491 1819 545 1854 20,
578 1828 659 1859 says
691 1819 726 1850 of
759 1819 818 1850 the
850 1818 1018 1850 Germana
1033 1830 1041 1850 :
1075 1819 1234 1851 Sororum
1266 1819 1356 1860 filiis

165 1861 251 1893 idem
266 1860 359 1901 apud
375 1871 477 1892 avum
487 1860 577 1892 ulum
593 1863 650 1901 qui
667 1864 758 1901 apud
777 1866 902 1901 patrem
917 1861 1029 1894 honor.

207 1903 221 1923 ‘⁶²
245 1903 342 1935 West
356 1908 451 1935 coast
469 1903 504 1935 of
518 1903 659 1935 modern
677 1903 854 1936 scotland.

211 1946 222 1963 ²
246 1946 349 1978 From
366 1946 426 1978 the
443 1951 608 1978 northern
626 1954 705 1987 part
722 1947 757 1979 of
777 1946 909 1979 Antrim
929 1946 1039 1979 caiied
1055 1945 1124 1979 Dal
1140 1945 1262 1979 Riada.

212 1990 223 2008 4
246 1989 309 2022 300
325 1989 409 2032 Mp.
427 1989 556 2022 broad:
585 1989 699 2031 Pliny,
717 1988 811 2023 NB.
829 1999 875 2023 w.
892 1990 967 2023 202.

176 2051 219 2088 18
