1473 2322
422 122 534 160 THE
570 122 900 160 VENERABLE
937 122 1084 160 BEDE

161 225 309 263 Paulus
341 225 560 276 Apostolus
592 226 768 265 diceret:
815 226 823 239 ‘
843 226 922 274 Qui
954 240 997 265 se
1029 230 1236 266 continere
1267 240 1347 265 non

159 290 311 335 potest,
343 283 496 322 habeat
529 298 695 322 uxorem
729 284 893 329 suam'3
927 288 1066 322 statim
1104 286 1347 337 subiungere

160 346 336 381 curavit:
377 343 384 356 ‘
404 343 492 380 Hoc
517 349 656 381 autem
680 344 768 381 dico
793 344 1014 382 secundum
1038 345 1347 396 indulgentiam,

161 416 240 439 non
281 402 503 439 secundum
542 401 784 451 imperium.'
838 402 929 439 Non
969 405 1076 440 enim
1115 403 1349 454 indulgetur

161 461 270 511 quod
292 460 401 505 licet,
425 463 520 511 quia
541 462 693 498 iustum
717 466 792 498 est.
852 460 971 508 Quod
993 463 1117 512 igitur
1138 462 1348 513 indulgere

163 521 279 563 dixit,
304 519 463 569 culpam
488 532 575 557 esse
600 519 904 556 demonstravit.

213 579 236 592 “
255 579 449 630 Vigilanti
481 592 574 617 vero
605 585 745 617 mente
776 579 1029 629 pensandum
1062 585 1138 625 est,
1169 580 1279 631 quod
1309 582 1349 617 in

162 638 256 676 Sina
286 644 425 676 monte
457 637 655 675 Dominus
687 638 738 675 ad
767 638 961 688 populum
991 637 1210 684 locuturus,
1240 642 1349 689 prius

163 699 337 736 eundem
364 697 558 747 populum
586 698 790 735 abstinere
818 710 842 734 a
867 697 1101 735 mulieribus
1128 701 1347 748 praecepit.

163 757 218 794 Et
254 759 285 793 si
322 755 430 794 illicl
466 756 534 793 ubi
565 755 762 793 Dominus
791 769 863 806 per
891 762 1118 794 creaturam
1147 757 1350 795 subditam

162 815 390 853 hominibus
411 814 667 865 loquebatur,
687 820 805 852 tanta
824 817 1049 865 provisione
1071 821 1133 853 est
1152 817 1352 854 munditia

163 877 336 924 corporis
376 877 585 924 requisita,
625 879 671 910 ut
710 876 778 924 qui
817 874 940 912 verba
979 874 1058 912 Dei
1095 877 1352 925 perciperent

163 933 396 971 mulieribus
413 935 530 970 mixti
547 946 627 970 non
645 939 803 977 essent3
835 939 988 983 quanto
1004 936 1133 984 magis
1149 934 1351 979 mulieres,

163 1006 268 1043 quae
296 1005 439 1042 corpus
468 992 631 1029 Domini
660 995 950 1042 omnipotentis
978 996 1193 1043 accipiunt,
1220 1000 1351 1032 custo-

163 1053 248 1090 dire
267 1055 307 1089 in
325 1065 367 1090 se
385 1051 627 1089 munditiam
645 1054 773 1088 carnis
791 1052 958 1097 debent,
976 1066 1027 1090 ne
1044 1054 1131 1102 ipsa
1147 1055 1352 1091 inaestim-

164 1111 277 1148 abilis
297 1114 480 1161 mysterii
500 1111 782 1161 magnitudine
801 1112 1048 1162 graventur?
1102 1112 1207 1150 Hinc
1228 1115 1349 1150 etiam

165 1170 217 1207 ad
243 1170 377 1207 David
402 1171 453 1208 de
479 1173 614 1220 pueris
639 1172 720 1206 suis
745 1183 818 1220 per
843 1170 1095 1208 sacerdotem
1121 1171 1280 1216 dicitur,
1306 1177 1353 1209 ut

164 1232 197 1266 si
231 1243 254 1266 a
287 1229 520 1267 mulieribus
554 1229 694 1267 mundi
729 1235 879 1274 essent,
911 1243 1037 1280 panes
1070 1233 1351 1280 propositionis

164 1291 408 1339 acciperent,
439 1301 538 1338 quos
567 1290 729 1325 omnino
758 1301 838 1325 non
867 1291 1112 1338 acciperent,
1140 1291 1215 1326 nisi
1243 1292 1351 1339 prius

163 1348 334 1386 mundos
369 1360 436 1385 eos
472 1347 605 1385 David
638 1361 662 1384 a
694 1347 928 1385 mulieribus
962 1347 1188 1386 fateretur?
1240 1349 1352 1386 Tunc

164 1412 303 1445 autem
324 1409 382 1444 vir
403 1409 471 1457 qui
491 1411 584 1456 post
604 1406 896 1444 admixtionem
916 1408 1095 1458 coniugis
1120 1407 1226 1445 lotus
1247 1421 1352 1459 aqua

164 1466 301 1511 fuerit,
333 1468 457 1504 etiam
488 1479 624 1503 sacrae
655 1468 945 1504 communionis
974 1469 1214 1517 mysterium
1244 1467 1353 1505 valet

167 1528 363 1576 accipere,
383 1539 474 1562 cum
496 1528 532 1563 ei
552 1527 668 1562 iuxta
685 1525 943 1575 praefinitam
961 1528 1207 1563 sententiam
1228 1529 1350 1564 etiarn

165 1585 374 1622 ecclesiam
397 1584 555 1622 licuerit
576 1583 770 1622 intrare.’'

216 1642 288 1680 IX.
319 1643 590 1694 Interrogatio
608 1644 840 1694 Augustini.
903 1642 926 1656 “
945 1642 985 1680 Si
1003 1648 1096 1693 post
1113 1643 1350 1683 inlusionem

166 1717 270 1753 quae
290 1717 363 1753 per
382 1705 581 1740 somnium
602 1703 706 1740 solet
725 1703 921 1748 accidere,
941 1702 1005 1741 vel
1024 1716 1166 1753 corpus
1188 1703 1349 1740 Domini

166 1762 337 1812 quilibet
364 1764 546 1812 accipere
574 1761 730 1806 valeat3
771 1761 849 1808 vel,
876 1764 909 1799 si
935 1762 1119 1800 sacerdos
1146 1765 1213 1807 sit,
1240 1775 1351 1798 sacra

165 1824 360 1871 mysteria
381 1820 613 1858 celebrare?
633 1820 656 1833 ''

636 1918 647 1936 ¹
671 1917 737 1948 For
756 1917 845 1954 illuc,
864 1917 916 1949 Pl.

217 2004 230 2023 1
253 2003 327 2035 Cor.
349 2005 377 2036 7.
397 2005 428 2045 2,
447 2005 478 2045 9,
615 2005 628 2029 3
654 2005 666 2043 l
689 2003 763 2035 Cor.
784 2005 813 2041 7.
833 2004 862 2037 6,
1015 2002 1029 2021 ³
1057 2004 1069 2034 1
1090 2002 1181 2034 Sam.
1203 2003 1256 2034 21.
1274 2004 1305 2033 4.

173 2056 239 2102 146
