1473 2322
446 116 557 154 THE
595 115 926 154 VENERABLE
962 116 1111 154 BEDE

185 217 368 256 Allectus
416 224 561 268 postea
609 224 793 268 ereptam
843 218 1032 255 Carausio
1081 217 1251 255 insulam
1300 230 1372 268 per

184 274 404 309 triennium
441 274 589 316 tenuit,
628 285 750 321 quem
789 271 1099 321 Asclepiodotus
1137 270 1372 308 Praefectus

185 324 391 362 Praetorio
407 328 621 375 oppressit,
637 326 960 374 Brittaniamque
975 330 1069 375 post
1088 325 1230 363 decem
1246 337 1372 362 annos

183 381 351 428 recepit.

237 432 401 469 Interea
452 431 730 469 Diocletianus
781 434 823 468 in
875 434 1045 476 oriente,
1098 431 1372 468 Maximianus

182 484 395 523 Herculius
442 488 484 522 in
532 486 758 529 occidente,
805 487 954 522 vastari
1002 484 1203 529 ecclesias,
1251 485 1372 535 affligi

182 539 436 588 interficique
467 538 713 576 Christianos
744 538 900 576 decimo
930 544 1023 588 post
1053 538 1256 576 Neronem
1285 537 1372 575 loco

181 598 499 642 praeceperunt:
538 604 642 642 quae
675 594 902 641 persecutio
937 592 1121 629 omnibus
1155 590 1240 630 fere
1275 597 1370 630 ante

183 648 281 682 actis
335 646 560 683 diuturnior
601 651 725 695 atque
766 647 963 682 inmanior
1003 644 1104 689 fuit3
1159 658 1254 682 nam
1299 658 1373 695 per

182 700 323 737 decern
346 712 485 743 annos2
506 699 700 736 incendiis
722 698 994 742 ecclesiarum,
1014 699 1371 748 proscriptionibus

180 756 456 797 innocentum,
485 753 673 790 caedibus
706 758 931 803 martyrum
959 752 1250 790 incessabiliter
1279 757 1371 789 acta

182 812 257 843 est.
314 806 503 856 Denique
532 809 656 844 etiam
688 805 930 843 Brittaniam
961 811 1050 843 tum
1078 805 1250 856 plurima
1278 818 1370 843 con-

183 858 362 898 fessionis
383 860 472 897 Deo
492 860 664 897 devotae
682 859 810 911 gloria
829 859 1072 897 sublimavit.

631 1179 748 1218 CAP.
785 1181 864 1218 VII

182 1260 317 1297 Passio
337 1259 456 1297 sancti
473 1258 610 1296 Albani
628 1264 663 1296 et
680 1259 859 1297 sociorum
878 1259 971 1303 eius,
989 1259 1054 1310 qui
1071 1259 1193 1296 eodem
1214 1265 1371 1311 tempore

426 1326 497 1364 pro
514 1313 678 1350 Domino
697 1312 911 1364 sanguinem
919 1311 1120 1364 fuderunt.

233 1391 434 1433 Smmnmu
452 1394 495 1428 in
514 1404 563 1429 ea
580 1404 720 1441 passus
741 1397 804 1429 est
822 1397 984 1429 sanctus
1003 1391 1199 1435 Albanus,
1218 1391 1270 1429 de
1289 1404 1370 1441 quo

182 1446 397 1496 presbyter
441 1445 687 1482 Fortunatus
732 1447 773 1481 in
820 1444 961 1482 Laude
1006 1445 1041 1481 V
1043 1448 1231 1495 irginum‚
1276 1457 1368 1482 cum

182 1499 396 1536 beatorum
417 1504 643 1548 martyrum
669 1501 737 1548 qui
765 1499 816 1536 de
840 1504 929 1536 toto
952 1499 1048 1536 orbe
1073 1499 1125 1536 ad
1148 1498 1367 1536 Dominum

182 1555 369 1590 venirent
387 1554 637 1590 mentionem
657 1550 825 1596 faceret,
845 1554 925 1589 ait:

254 1621 276 1635 “
296 1621 499 1658 Albanum
519 1624 728 1672 egregium
747 1620 921 1659 fecunda
938 1621 1119 1658 Britania
1137 1620 1335 1672 profert.''

182 1691 262 1738 Qui
275 1690 462 1729 videlicet
474 1690 654 1728 Albanus
667 1704 849 1741 paganus
863 1690 1006 1735 adhuc,
1020 1705 1110 1728 cum
1122 1690 1365 1741 perfidorum

233 1788 246 1807 ¹
269 1786 479 1827 Connecting
493 1785 576 1817 with
592 1786 659 1817 end
675 1786 711 1817 of
726 1786 906 1827 preceding
921 1786 1071 1828 chapter.

231 1829 245 1849 ²
267 1829 388 1861 Bede’s
420 1833 568 1861 account
598 1830 627 1861 is
660 1829 827 1870 probably
860 1829 965 1860 taken
997 1830 1085 1861 from
1118 1839 1212 1861 some
1250 1829 1369 1861 earlier

187 1872 360 1904 unknown
383 1871 578 1904 chronicler.
626 1871 666 1903 In
690 1875 786 1913 parts
809 1871 869 1903 the
893 1873 1066 1903 narrative
1088 1873 1117 1903 is
1140 1875 1203 1903 not
1225 1881 1307 1913 easy
1330 1875 1368 1904 to

189 1915 302 1947 follow
315 1914 385 1946 and
398 1914 460 1946 has
473 1918 536 1946 not
549 1914 607 1946 the
620 1915 807 1956 simplicity
821 1915 856 1946 of
869 1914 990 1946 Bede's
1002 1915 1101 1955 style.
1147 1914 1219 1945 The
1232 1915 1367 1946 earliest

189 1962 291 2031 trac?¹
306 1959 342 1989 of
362 1957 422 1989 the
443 1961 541 1999 story
563 1957 598 1990 of
619 1957 670 1989 St.
692 1957 804 1989 Alban
826 1958 854 1990 is
876 1958 913 1989 in
934 1957 993 1989 the
1015 1957 1090 1989 Life
1108 1957 1145 1989 of
1165 1955 1365 1995 Germanus,

188 2001 233 2032 cf.
249 2010 266 2032 c
297 2026 303 2031 .
319 2000 404 2032 xvii.

186 2065 234 2101 34
