1473 2322
471 165 582 202 THE
620 163 950 202 VENERABLE
986 164 1133 201 BEDE

209 267 452 304 succedente
484 265 541 302 illi
571 268 612 303 in
644 268 922 316 episcopatum
952 264 1163 303 Trumheri
1194 267 1278 302 viro
1309 264 1398 302 reli-

209 323 335 371 gioso,
364 325 407 358 et
434 319 669 357 monachica
697 322 781 357 vita
808 322 1011 364 instituto,
1039 321 1204 357 natione
1233 318 1397 369 quidem

210 374 358 424 Anglo‚
382 374 455 411 sed
481 387 503 410 a
528 373 676 411 Scottis
702 374 886 411 ordinato
913 376 1121 423 episcop03
1162 373 1270 423 quod
1294 378 1397 410 tem-

211 429 371 477 poribus
386 426 570 465 Vulfheri
585 430 690 477 regis
708 428 758 465 de
776 441 855 477 quo
870 429 911 464 in
927 427 1190 477 sequentibus
1206 427 1399 471 dicemus,

212 481 363 518 factum
387 487 461 519 est.

656 610 772 648 CAP.
803 610 922 647 XXII

215 697 266 735 Ut
295 696 502 735 orientales
532 696 699 734 Samones
715 696 837 747 fidem
868 710 980 747 quam
1010 695 1148 733 dudum
1179 695 1399 740 abiecerunt,

287 750 353 788 sub
376 764 462 802 rege
485 750 686 802 Sigbercto,
706 750 945 802 praedicante
973 750 1095 788 Ceddo
1118 750 1328 800 receperint.

262 837 321 874 Eo
370 842 555 887 tempore
603 839 727 873 etiam
777 836 1006 874 Orientales
1050 835 1229 874 Saxones
1277 835 1400 874 fidem

210 904 332 941 quam
373 891 468 928 olim
510 890 677 940 expulso
721 889 882 927 Mellito
924 892 1108 928 antistite
1150 891 1398 936 abiecerant,

210 947 404 982 instantia
438 947 544 994 regis
580 944 707 981 Osuiu
742 950 996 993 receperunt.
1051 944 1151 981 Erat
1186 946 1294 981 enim
1327 957 1399 982 rex

210 998 391 1036 eiusdem
410 1001 544 1047 gentis
564 997 763 1047 sigberct,
783 1001 850 1047 qui
870 1004 962 1048 post
980 997 1235 1047 sigberctum
1254 1010 1400 1048 cogno-

210 1058 349 1090 mento
366 1051 538 1089 Parvum
554 1054 754 1102 regnavit,
771 1054 921 1089 amicus
939 1052 1119 1090 eiusdem
1137 1051 1263 1089 Osuiu
1280 1053 1400 1102 regis,

210 1109 278 1156 qui
304 1119 396 1143 cum
422 1105 659 1156 frequenter
685 1106 737 1143 ad
764 1119 856 1143 eum
882 1108 923 1142 in
949 1108 1193 1155 provinciam
1220 1105 1400 1143 Nordan-

210 1160 471 1211 hymbrorum
498 1163 669 1205 veniret,
696 1159 853 1197 solebat
880 1173 973 1197 eum
999 1159 1150 1196 hortari
1177 1159 1229 1197 ad
1254 1159 1400 1197 intelli-

210 1214 388 1263 gendum
413 1214 510 1252 deos
535 1227 622 1252 esse
646 1227 726 1251 non
750 1227 866 1263 posse
891 1216 959 1264 qui
983 1213 1189 1251 hominum
1214 1214 1399 1251 manibus

210 1267 307 1305 facti
354 1273 513 1312 essent3
574 1268 640 1305 dei
686 1268 848 1305 creandi
894 1270 1107 1305 materiam
1134 1267 1301 1317 lignum
1336 1267 1399 1305 vel

209 1321 387 1372 lapidem
415 1335 503 1360 esse
531 1335 612 1358 non
640 1334 771 1371 posse,
800 1335 969 1371 quorum
998 1324 1197 1359 recisurae
1226 1320 1290 1359 vel
1317 1323 1400 1371 igni

211 1377 534 1420 absumerentur,
567 1373 631 1413 vel
663 1377 704 1412 in
739 1389 833 1412 vasa
867 1374 1074 1425 quaelibet
1108 1375 1271 1412 humani
1306 1388 1399 1413 usus

210 1429 494 1474 formarentur,
523 1428 587 1467 vel
623 1434 734 1467 certe
769 1430 979 1478 despectui
1008 1429 1148 1466 habita
1177 1428 1282 1466 foras
1310 1442 1400 1479 pro-

210 1487 377 1522 iieerent
383 1497 441 1528 ur,
450 1489 492 1521 et
499 1483 670 1532 pedibus
677 1482 909 1520 conculcata
918 1485 958 1519 in
966 1489 1116 1520 terram
1131 1488 1398 1521 verterentur.

211 1537 346 1575 Deum
389 1540 523 1587 potius
566 1536 876 1587 intelligendum
919 1539 1135 1575 maiestate
1178 1539 1400 1587 incompre-

210 1590 462 1635 hensibilem,
511 1590 696 1627 humanis
746 1590 867 1628 oculis
919 1590 1171 1635 invisibilem,
1220 1593 1400 1640 omnipo-

210 1651 383 1690 tentem,
398 1650 624 1689 aeternum,
641 1646 707 1694 qui
724 1644 881 1682 caelum
897 1650 939 1682 et
954 1650 1104 1682 terram
1121 1650 1164 1682 et
1178 1643 1399 1682 humanum

210 1712 338 1748 genus
363 1704 555 1743 creasset,
581 1704 757 1748 regeret,
784 1704 826 1736 et
852 1698 1100 1736 iudicaturus
1126 1704 1235 1736 esset
1259 1699 1398 1736 orbem

211 1756 251 1791 in
265 1755 497 1803 aequitate3
525 1755 637 1790 cuius
651 1752 768 1790 sedes
782 1758 949 1790 aeterna
963 1766 1043 1790 non
1056 1754 1097 1789 in
1111 1751 1177 1789 vili
1192 1758 1235 1790 et
1247 1752 1398 1790 caduco

257 1908 266 1925 '¹
291 1908 410 1938 Essex.

255 1950 268 1969 ²
291 1949 329 1981 P.
346 1949 422 1981 229.

255 1993 268 2011 ³
291 1991 425 2032 sigbert
450 1991 510 2022 the
537 1990 645 2028 Good,
665 1994 703 2022 to
730 1990 772 2022 be
798 1990 1049 2033 distinguished
1071 1991 1159 2023 from
1180 1990 1314 2032 Sigbert
1337 1991 1395 2023 tho

215 2035 377 2072 learned,
396 2035 477 2075 king
492 2033 527 2065 of
543 2034 631 2066 East
646 2033 780 2075 Anglia,
798 2044 830 2075 p.
848 2035 922 2066 413.

212 2107 283 2143 434
