1473 2322
449 121 560 159 THE
597 121 927 159 VENERABLE
962 121 1110 159 BEDE

192 228 345 262 taniam
372 224 607 270 incolerent,
627 227 668 262 in
688 238 769 276 qua
787 227 941 276 regina,
962 238 1083 276 quam
1104 224 1371 262 Christianam

190 285 311 325 fuisse
331 287 618 337 praediximus,
638 300 751 325 orare
771 292 1046 325 consueverat.
1102 286 1150 323 In
1175 285 1250 323 hac
1276 299 1372 336 ergo

191 354 232 385 et
248 351 323 398 ipsi
338 351 467 398 primo
483 351 709 393 convenire,
725 348 911 398 psallere,
926 361 1054 393 orare,
1069 351 1209 385 missas
1224 347 1372 391 facere,

189 410 420 458 praedicare
448 415 491 447 et
518 410 725 459 baptizare
755 415 997 460 coeperunt;
1043 410 1171 448 donec
1198 422 1295 460 rege
1322 408 1374 445 ad

191 471 311 508 fidem
337 484 541 516 converso,
566 473 760 509 maiorem
785 471 1043 521 praedicandi
1068 484 1140 521 per
1163 473 1311 515 omnia,
1331 475 1374 507 et

191 532 376 570 ecclesias
410 532 631 570 fabricandi
665 533 729 571 vel
760 534 1013 571 restaurandi
1041 533 1246 571 licentiam
1274 534 1374 569 acci-

187 600 343 643 perent.

241 656 299 693 At
341 657 408 693 ubi
449 659 535 706 ipse
577 659 700 694 ctiam
742 659 848 695 inter
888 657 984 694 alios
1025 656 1250 695 delectatus
1292 658 1373 692 vita

189 718 450 755 mundissima
492 724 734 762 sanctorum,
778 724 821 756 et
862 718 1062 768 promissis
1106 731 1244 756 eorum
1285 730 1374 754 sua-

188 781 368 824 vissimis,
389 792 493 830 quae
514 793 606 817 vera
627 793 712 817 esse
732 780 1012 816 miraculorum
1041 793 1200 830 quoque
1229 778 1375 815 multo·

189 853 277 877 rum
297 844 525 879 ostensione
555 841 825 885 firmaverant,
845 841 1011 879 credens
1040 842 1267 891 baptizatus
1298 846 1373 884 est,

188 914 356 951 coepere
385 902 518 952 plures
548 903 599 940 ad
627 903 871 940 audiendum
900 903 1066 941 verbum
1093 902 1308 946 confluere,
1327 915 1373 939 ac

190 962 327 1000 relicto
364 964 604 1014 gentilitatis
642 966 736 1009 ritu,
774 967 921 1002 unitati
951 977 994 1002 se
1023 970 1187 1002 sanctae
1226 963 1372 1001 Christi

190 1024 392 1062 Ecclesiae
420 1026 621 1064 credendo
649 1028 811 1064 sociare.
867 1025 1047 1073 Quorum
1078 1026 1170 1063 fidei
1206 1031 1248 1064 et
1281 1038 1373 1062 con-

190 1088 357 1124 versioni
391 1090 449 1124 ita
482 1087 784 1138 congratulatus
819 1101 905 1126 esse
939 1101 1010 1126 rex
1044 1087 1292 1138 perhibetur,
1327 1092 1373 1124 ut

189 1147 341 1185 nullum
385 1154 525 1187 tamen
569 1154 735 1200 cogeret
778 1149 830 1187 ad
875 1148 1244 1194 Christianismum3
1301 1148 1373 1186 sed

188 1210 469 1248 tantummodo
516 1211 728 1249 credentes
777 1213 935 1248 arctiori
982 1211 1211 1255 dilectione,
1259 1212 1372 1261 quasi

186 1274 366 1309 concives
395 1273 469 1309 sibi
501 1275 617 1323 regni
650 1272 849 1317 caelestis,
879 1272 1203 1322 amplecteretur.
1259 1271 1372 1309 Didi-

186 1338 297 1371 cerat
317 1336 424 1371 enim
445 1347 467 1370 a
496 1334 725 1372 doctoribus
755 1335 1064 1385 auctoribusque
1093 1347 1190 1371 suae
1218 1333 1371 1378 salutis,

185 1397 391 1432 servitium
422 1395 569 1433 Christi
597 1395 880 1440 voluntarium,
910 1409 990 1432 non
1018 1398 1250 1433 coactitium
1284 1408 1372 1433 esse

186 1456 348 1495 debere.
404 1457 488 1495 Nec
530 1457 700 1502 distulit,
732 1460 829 1508 quin
862 1460 986 1495 etiam
1015 1460 1110 1508 ipsis
1142 1457 1371 1495 doctoribus

186 1520 265 1555 suis
278 1518 409 1556 locum
421 1519 527 1557 sedis
541 1532 679 1557 eorum
691 1519 833 1570 gradui
845 1532 1080 1570 congruum,
1092 1522 1132 1556 in
1146 1519 1371 1557 Doruvemi

185 1580 397 1630 metropoli
443 1594 515 1618 sua.
560 1581 744 1625 donaret,
789 1580 907 1618 simul
952 1586 995 1619 et
1040 1582 1283 1619 necessarias
1329 1582 1370 1617 in

186 1641 348 1679 diversis
370 1643 579 1692 speciebus
599 1644 869 1693 possessiones
890 1641 1102 1680 conferret.

465 1772 477 1791 ¹
502 1771 564 1803 His
577 1781 652 1803 own
667 1771 801 1813 palace;
829 1770 962 1812 Bright,
978 1781 1010 1812 p.
1026 1772 1078 1804 53.

194 2053 262 2086 114
