1473 2322
423 167 533 204 THE
571 166 899 204 VENERABLE
934 167 1082 205 BEDE

162 269 228 306 illo
254 269 408 306 Dinoot
434 269 558 307 abbas
584 269 807 318 praefuisse
834 274 1033 315 narratur,
1059 273 1128 320 qui
1154 270 1206 308 ad
1232 283 1344 320 prae-

161 322 292 360 fatum
316 325 409 359 ituri
433 322 657 367 concilium,
680 327 880 360 venerunt
902 325 1030 372 primo
1053 323 1105 361 ad
1127 324 1344 374 quemdam

162 378 290 413 virum
305 380 490 413 sanctum
505 389 551 413 ac
566 376 824 425 prudentem,
840 378 907 426 qui
921 376 1030 426 apud
1046 390 1112 415 eos
1129 376 1342 415 anachore-

161 431 283 466 ticam
324 429 471 467 ducere
512 432 638 466 vitam
677 428 849 474 solebat,
889 429 1159 474 consulentes,
1200 443 1252 467 an
1293 431 1344 468 ad

161 483 505 532 praedicationem
532 483 750 533 Augustini
776 496 868 521 suas
895 483 1081 521 deserere
1108 483 1345 522 traditiones

162 536 373 573 deberent.
428 535 508 582 Qui
539 536 833 585 respondebat:
892 541 915 558 ‘⁶
936 535 976 573 Si
1007 535 1126 574 homo
1157 535 1237 574 Dei
1269 541 1345 582 est,

161 591 375 639 sequimini
394 588 548 626 illum.’'
602 588 829 627 Dixerunt:
870 594 893 611 ‘⁶
914 589 968 626 Et
988 590 1095 627 unde
1115 589 1190 627 hoe
1208 603 1344 640 possu-

160 656 249 680 mus
269 643 467 691 probare?
487 641 510 654 '’
563 643 621 679 At
636 641 724 686 ille3
752 647 775 664 ‘⁴
797 641 1037 687 Dominus,”
1057 645 1203 693 inquit,
1220 648 1244 665 “
1265 646 1343 681 ait:

163 695 171 708 ¹
189 695 335 734 Tollite
365 698 505 746 iugum
533 709 671 733 meum
711 709 832 746 super
871 709 954 741 vos,
984 701 1026 734 et
1055 696 1198 734 djscite
1228 710 1251 733 a
1279 710 1345 735 me

161 751 256 799 quia
280 751 388 787 mitis
413 762 502 787 sum
528 753 571 787 et
595 748 754 787 humilis
780 748 928 787 corde.'
981 748 1021 786 Si
1056 763 1151 799 ergo
1185 750 1343 800 Augus-

163 805 270 840 tinus
289 802 354 840 ille
371 805 480 840 mitis
498 807 560 839 est
579 807 620 839 et
637 801 796 840 humilis
812 802 947 846 corde,
963 802 1154 840 credibile
1172 807 1235 841 est
1251 805 1345 853 quia

160 858 300 905 iugum
333 855 479 893 Christi
513 860 555 893 et
586 858 671 904 ipse
703 860 854 904 portet,
886 860 929 893 et
960 856 1070 894 vobis
1102 856 1344 905 portandum

160 908 325 946 offerat:
362 911 422 946 sin
447 913 585 946 autem
609 911 759 946 inmitis
784 922 829 946 ac
852 909 1048 958 superbus
1073 914 1148 953 est,
1172 914 1345 954 constat,

161 965 228 1011 qui
243 976 322 999 non
337 966 400 1000 est
414 962 464 1000 de
480 961 584 1005 Deo,
598 975 730 1012 neque
745 962 858 999 nobis
873 965 1096 1000 eiussermo
1104 962 1343 1001 curandus.'’

161 1015 240 1062 Qui
273 1029 407 1053 rursus
441 1015 627 1052 aiebant:
674 1020 697 1037 ‘⁶
718 1015 773 1052 Et
799 1015 907 1053 unde
941 1015 1004 1054 vel
1032 1015 1107 1053 hoc
1135 1015 1342 1055 dinoscere

161 1068 366 1107 valemus?
386 1067 407 1081 '¹
452 1068 474 1081 ‘⁵
495 1067 753 1112 Procul-ates
770 1071 951 1118 inquit,“
971 1073 1017 1106 ut
1031 1071 1117 1119 ipse
1132 1071 1240 1119 prior
1254 1083 1344 1107 cum

160 1125 240 1160 suis
271 1123 322 1159 ad
351 1122 483 1159 locum
513 1122 656 1172 synodi
687 1122 891 1166 adveniat,
923 1126 966 1160 et
995 1124 1028 1161 si
1059 1123 1170 1161 vobis
1201 1123 1343 1173 adpro-

160 1176 449 1225 pinquantibus
491 1176 777 1219 adsurrexerit,
819 1178 992 1213 scientes
1034 1177 1129 1225 quia
1169 1175 1344 1215 famulus

160 1228 307 1266 Christi
332 1234 408 1273 est,
432 1229 765 1278 obtemperanter
786 1228 898 1265 illum
923 1228 1084 1266 audite:
1121 1231 1181 1267 sin
1206 1233 1345 1267 autem

160 1295 227 1320 vos
258 1284 469 1332 spreverit,
499 1295 573 1319 nee
603 1295 737 1319 coram
767 1282 877 1319 vobis
909 1282 1127 1332 adsurgere
1158 1281 1343 1328 voluerit,

159 1349 250 1373 cum
266 1337 352 1373 sitis
368 1348 536 1372 numero
552 1334 701 1384 plures,
718 1339 761 1373 et
777 1337 862 1384 ipse
879 1340 1094 1384 spernatur
1111 1349 1133 1372 a
1150 1333 1303 1374 vobis.''

210 1388 411 1426 Fecerunt
429 1393 475 1425 ut
492 1388 663 1426 dixerat.
719 1388 970 1439 Factumque
988 1393 1064 1433 est,
1083 1393 1129 1426 ut
1147 1391 1344 1427 venienti-

158 1442 231 1479 bus
279 1441 355 1480 illis
402 1442 565 1480 sederet
601 1442 853 1492 Augustinus
890 1443 930 1478 in
966 1441 1077 1480 sella.
1131 1441 1251 1488 Quod
1288 1441 1343 1479 illi

159 1495 357 1539 videntes,
371 1508 465 1532 mox
480 1497 519 1531 in
535 1497 634 1531 iram
648 1497 827 1532 conversi
842 1499 950 1539 sunt,
965 1508 1140 1545 eumque
1153 1500 1342 1534 notantes

158 1549 385 1598 superbiae,
406 1550 560 1586 cunctis
582 1561 686 1598 quae
708 1548 871 1586 dicebat
891 1548 1166 1586 contradicere
1187 1548 1342 1586 labora-

157 1603 270 1639 bant.
326 1602 502 1639 Dicebat
527 1606 666 1639 autem
691 1604 762 1646 eis,
788 1603 882 1651 quia
908 1601 990 1638 “in
1015 1601 1152 1640 multis
1178 1602 1342 1652 quidem

158 1660 319 1693 nostrae
363 1655 660 1699 consuetudini,
704 1657 826 1692 immo
872 1654 1103 1693 universalis
1149 1654 1341 1694 ecclesiae

157 1710 357 1746 contraria
389 1710 552 1759 geritis:
601 1713 644 1746 et
677 1712 817 1746 tamen
850 1709 882 1746 si
916 1710 957 1744 in
985 1709 1113 1746 tribus
1148 1707 1208 1746 his
1242 1707 1341 1745 mihi

157 1763 439 1811 obtemperare
470 1761 618 1806 vultis3
663 1765 710 1798 ut
740 1760 889 1811 pascha
918 1774 990 1799 suo
1020 1765 1205 1811 tempore
1235 1760 1340 1800 cele-

157 1816 306 1859 bretis;
332 1819 379 1852 ut
398 1817 666 1852 ministerium
687 1814 934 1864 baptizandi,
956 1828 1035 1865 quo
1057 1814 1147 1853 Deo
1167 1817 1340 1853 renasci-

345 1991 359 2011 1
382 1991 505 2022 Matth.
526 1993 574 2022 ll.
592 1991 645 2023 29.
865 1990 879 2010 ¹
902 1990 1144 2032 Ill—tempered.

158 2102 226 2137 208
