1473 2322
434 119 547 158 THE
583 119 915 158 VENERABLE
954 118 1101 157 BEDE

173 228 399 276 simumque
444 223 591 260 vallum
635 223 784 261 crebris
827 224 992 272 insuper
1034 222 1212 259 turribus
1256 234 1363 259 com-

173 281 390 322 munitum,
431 290 455 314 a
495 279 595 313 mari
636 277 687 314 ad
728 289 839 313 mare
881 276 1020 312 duxit:
1075 276 1213 325 ibique
1254 275 1363 324 apud

173 332 401 369 Eboracum
446 330 639 380 oppidum
685 330 825 366 morbo
870 329 983 365 obiit.
1037 328 1218 378 Reliquit
1262 329 1362 365 duos

174 385 289 429 filios,
322 384 557 421 Bassianum
593 389 636 420 et
669 383 843 419 Getam:
892 394 1061 430 quorum
1096 381 1204 419 Geta
1235 380 1361 418 hostis

174 438 357 489 publicus
416 436 613 473 iudicatus
666 438 843 479 interiit3
898 433 1113 472 Bassianus
1166 435 1362 473 Antonini

174 494 412 542 cognomine
434 490 662 540 adsumpto,
682 501 807 539 regno
827 491 982 539 potitus
1003 493 1079 526 est.

648 681 763 720 CAP.
802 681 859 719 VI
877 681 892 704 1

330 769 393 807 De
415 767 566 820 imperio
589 767 830 812 Diocletiani,
853 771 895 827 et·
909 772 949 804 ut
975 765 1204 805 Christianos

624 826 839 873 persecutus
862 825 921 858 sit.

227 909 345 946 ANNo
357 909 642 946 incarnationis
658 907 895 944 Dominicae
911 906 1188 944 ducentesimo
1204 910 1365 956 octoge—

181 964 280 1000 simo
290 968 422 1005 sexto,
435 961 711 999 Diocletianus
724 962 948 998 tricesimus
961 962 1107 997 tertius
1119 960 1169 997 ab
1179 960 1365 1009 Augusto

174 1019 394 1066 imperator
406 1016 458 1052 ab
470 1017 651 1053 exercitu
665 1013 833 1057 electus,
845 1016 958 1050 annis
971 1015 1113 1063 viginti
1127 1012 1218 1057 fuit,
1234 1012 1365 1049 Maxi-

176 1072 437 1119 mianumque
467 1073 737 1118 cognomento
768 1066 1003 1105 Herculium
1034 1068 1185 1103 socium
1215 1068 1366 1103 creavit

178 1125 347 1172 imperii.
402 1121 583 1168 Quorum
597 1127 782 1171 tempore
797 1119 1009 1157 carausius
1025 1119 1202 1169 quidam,
1217 1132 1365 1169 genere

177 1177 342 1227 quidem
379 1175 554 1220 infimus,
592 1175 664 1212 sed
701 1173 864 1211 consilio
903 1179 946 1211 et
982 1186 1105 1210 manu
1141 1178 1366 1223 promptus,

177 1243 269 1267 cum
291 1229 343 1267 ad
363 1228 613 1266 observanda
633 1229 772 1265 oceani
793 1227 911 1264 litora
932 1239 1039 1277 quae
1054 1232 1152 1264 tunc
1167 1227 1309 1263 Franci
1325 1232 1367 1263 et

177 1283 357 1321 Saxones
374 1280 640 1325 infestabant,
657 1283 826 1331 positus,
844 1280 933 1330 plus
951 1283 992 1317 in
1009 1281 1227 1330 perniciem
1245 1292 1366 1329 quam

178 1339 219 1374 in
232 1335 478 1387 profectum²
490 1334 735 1385 reipublicae
744 1339 899 1385 ageret,
908 1339 1091 1384 ereptam
1098 1333 1366 1383 praedonibus

177 1390 371 1441 praedam
391 1388 501 1426 nulla
522 1402 573 1426 ex
594 1394 711 1438 parte
732 1387 985 1426 restituendo
1005 1387 1190 1430 dominis,
1205 1386 1278 1424 sed
1292 1387 1367 1423 sibi

179 1443 251 1481 soh·
280 1443 542 1485 vindicand03
587 1441 811 1480 accendens
841 1443 1108 1491 suspicionem
1138 1442 1233 1490 quia
1261 1442 1367 1490 ipsos

179 1510 340 1548 quoque
356 1496 491 1534 hostes
508 1496 559 1533 ad
573 1495 832 1532 incursandos
847 1494 946 1532 fines
962 1493 1104 1531 artifici
1118 1492 1369 1544 negligentia

179 1553 450 1601 permitteret.
506 1548 779 1596 Quamobrem
791 1561 814 1584 a
827 1547 1077 1584 Maximiano
1088 1549 1216 1584 iussus
1227 1546 1367 1590 occidi,

180 1616 399 1653 purpuram
428 1605 600 1652 sumpsit
628 1615 674 1640 ac
701 1601 920 1639 Brittanias
949 1602 1181 1650 occupavit3
1223 1600 1368 1649 quibus

181 1658 256 1694 sibi
270 1670 343 1706 per
357 1661 515 1705 septem
531 1668 655 1692 annos
669 1654 885 1692 fortissime
900 1654 1110 1692 vindicatis
1126 1666 1171 1690 ac
1183 1655 1368 1697 retentis,

181 1711 348 1748 tandem
390 1709 533 1747 fraude
575 1708 724 1747 Allecti
767 1710 862 1745 socii
904 1710 966 1744 sui
1007 1705 1246 1745 interfectus
1290 1711 1365 1744 est.

276 1820 288 1840 ¹
312 1819 416 1851 From
435 1818 573 1850 Orosius
590 1818 650 1849 vii.
668 1819 722 1848 25.
851 1817 864 1836 ²
887 1816 955 1847 For
971 1819 1166 1856 provectum,
1184 1815 1235 1847 Pl.

233 1924 245 1942 1
268 1922 402 1954 Marcus
426 1921 583 1953 Aurelius
607 1920 816 1957 Antoninus,
842 1919 956 1951 better
979 1918 1104 1950 known
1129 1917 1176 1959 by
1199 1918 1251 1950 his
1275 1917 1368 1949 nick·

185 1976 286 1997 name
302 1965 337 1997 of
350 1964 537 1996 Caracalla.

232 2010 244 2028 2
268 2008 338 2039 The
355 2008 445 2046 right
460 2007 541 2038 date
556 2007 584 2037 is
600 2014 671 2037 ΔΑ).
689 2007 765 2038 284.

187 2065 230 2101 32
