1473 2322
470 114 582 152 THE
619 114 949 153 VENERABLE
985 116 1133 154 BEDE

206 216 462 255 adducuntur
487 218 539 255 ad
565 217 863 257 mediterranea
888 218 1112 264 deferendi,
1137 225 1184 257 ut
1210 225 1254 257 et
1277 222 1389 271 regio

204 271 456 309 absolutione
475 276 517 309 et
533 271 588 308 illi
606 272 891 310 emendatione
907 272 1150 311 fruerentur.
1203 273 1390 310 Factum-

204 337 284 374 que
313 330 376 362 est
403 330 449 361 ut
475 326 517 361 in
543 325 619 362 illis
646 325 740 363 locis
767 326 896 363 multo
923 339 974 364 ex
1002 340 1050 365 eo
1078 333 1262 376 tempore
1289 326 1388 365 fides

203 380 448 415 intemerata
464 378 716 427 perduraret.

256 431 403 481 Itaque
439 434 670 481 compositis
706 433 891 470 omnibus
927 433 1038 471 beati
1074 433 1304 471 sacerdotes
1340 446 1390 472 ea

205 497 285 534 qua
320 490 518 523 venerant
552 488 822 535 prosperitate
858 486 1078 525 redierunt.
1132 486 1254 524 Porro
1290 486 1390 525 Ger—

204 551 346 575 manus
361 544 453 588 post
468 538 567 576 haec
583 539 635 576 ad
656 539 889 577 Ravennam
904 553 975 589 pro
990 554 1089 590 pace
1105 541 1389 577 Armoricanae

203 593 337 642 gentis
361 592 656 642 supplicaturus
680 593 859 637 advenit,
883 594 1019 643 ibique
1044 607 1067 630 a
1092 593 1389 638 Valentiniano,

204 650 247 682 et
265 643 442 683 Placidia
458 651 589 684 matre
606 648 729 696 ipsius
747 659 903 683 summa
919 649 1148 685 reverentia
1163 652 1389 697 susceptus,

203 701 393 750 migravit
440 699 493 737 ad
541 699 758 737 Christum.
813 699 934 737 Cuius
982 714 1124 750 corpus
1172 700 1388 738 honorifico

203 754 364 802 agmine
373 754 659 790 comitantibus
670 756 865 790 virtutum
874 755 1061 803 operibus
1068 783 1076 798 ‚
1085 767 1198 791 suam
1208 753 1391 792 defertur

203 806 255 843 ad
280 806 435 844 urbem.
489 806 575 844 Nec
599 806 728 844 multo
752 812 845 857 post
870 807 1176 845 Valentinianus
1201 808 1253 845 ab
1277 808 1389 846 Aetii

202 861 360 908 patricii
382 872 503 909 quem
524 860 727 898 occiderat
747 860 988 898 satellitibus
1009 863 1268 906 interimitur,
1283 874 1388 899 anno

201 915 359 962 imperii
392 913 588 950 Marciani
617 919 749 959 sexto,
779 927 871 951 cum
901 927 981 965 quo
1011 914 1128 952 simul
1158 914 1386 965 hesperium

202 966 377 1004 concidit
392 980 577 1017 regnum.

668 1184 785 1223 CAP.
822 1186 943 1223 XXII

209 1271 258 1308 Ut
270 1270 462 1309 Breiiones
475 1271 741 1323 quiescentibus
755 1271 805 1308 ad
817 1278 957 1323 tempus
970 1272 1116 1316 exteris,
1129 1272 1296 1310 civilibus
1309 1285 1387 1310 sese

305 1325 409 1362 bellis
457 1325 690 1363 contriverint
738 1325 850 1363 simul
897 1331 931 1362 et
982 1324 1182 1363 maioribus
1219 1325 1387 1377 flagitiis

303 1378 572 1417 submerserim.

255 1464 434 1502 INTEREA
449 1465 464 1489 1
479 1465 680 1502 Brittania
695 1470 897 1503 cessatum
913 1465 1077 1516 quidem
1094 1471 1156 1504 est
1171 1478 1387 1516 parumper

204 1518 254 1554 ab
285 1521 477 1564 externis,
505 1519 578 1557 sed
607 1532 687 1556 non
716 1532 740 1556 a
768 1519 947 1556 civilibus
976 1518 1103 1557 bellis.
1159 1518 1386 1557 Manebant

202 1574 444 1609 exterminia
466 1574 676 1610 civitatum
700 1573 752 1610 ab
775 1571 892 1610 hoste
915 1573 1139 1610 dirutarum
1163 1585 1209 1610 ac
1232 1573 1385 1611 desert-

201 1637 329 1670 arum,
340 1626 580 1677 pugnabant
590 1632 730 1663 eontra
740 1628 910 1664 invicem
923 1629 991 1677 qui
1003 1625 1162 1664 hostem
1174 1631 1385 1664 evaserant

200 1680 319 1716 cives.
372 1680 572 1717 Attamen
592 1685 757 1718 recente
779 1679 910 1717 adhue
930 1682 1124 1717 memoria
1144 1679 1384 1717 calamitatis

201 1737 244 1769 et
271 1731 393 1770 cladis
420 1732 597 1770 inflictae
624 1733 841 1771 servabant
868 1738 1088 1783 utcumque
1107 1746 1238 1784 reges,
1256 1746 1384 1771 sacer-

200 1784 331 1830 dotes,
359 1788 519 1836 privati,
548 1791 591 1824 et
618 1789 836 1836 optimates
864 1799 981 1824 suum
1010 1789 1160 1837 quique
1188 1786 1381 1825 ordinem.

201 1839 258 1877 At
290 1838 366 1877 illis
400 1840 705 1885 decedentibus,
734 1853 825 1878 cum
853 1842 1109 1878 successisset
1137 1845 1249 1877 aetas
1278 1845 1380 1878 tem—

482 1925 495 1944 1
517 1924 567 1956 To
582 1928 753 1964 appareret
767 1925 857 1956 from
873 1923 1003 1960 Gildas,
1020 1924 1035 1963 §
1051 1924 1104 1955 26.

227 2057 250 2093 8
384 2011 393 2030 ¹
418 2010 507 2042 who
522 2010 592 2042 had
608 2010 771 2042 revolted.
1010 2010 1023 2029 2
1044 2018 1115 2041 AJ).
1133 2012 1207 2042 455.

203 2067 224 2102 9
