1473 2322
418 170 531 208 THE
570 170 901 209 VENERABLE
937 170 1085 208 BEDE

157 276 368 320 potentem
406 276 450 310 et
484 274 526 309 in
561 271 587 311 J
592 285 704 310 esum
742 271 946 310 Christum
983 275 1067 312 eius
1106 273 1264 319 Filium,
1301 277 1344 313 et

155 324 348 374 Spiritum
392 329 592 370 sanctum,
638 330 681 364 et
725 325 1034 376 inseparabilem
1078 326 1343 370 Trinitatem3

156 378 305 426 fugatis
337 378 640 416 daemoniorum
670 380 867 424 sensibus,
899 379 1147 430 expulsaque
1179 393 1203 417 a
1233 381 1343 418 vobis

155 431 435 470 sollicitatione
478 434 667 470 venenosi
711 437 754 470 et
796 432 1048 482 deceptibilis
1091 433 1230 478 hostis,
1272 447 1344 483 per

156 497 302 535 aquam
319 489 362 523 et
377 484 570 535 Spiritum
585 490 770 524 sanctum
786 489 918 523 renati
935 487 986 530 ei,
1002 488 1065 523 cui
1081 486 1343 530 credideritis,

155 540 194 574 in
230 537 443 588 splendore
478 538 629 589 gloriae
665 541 937 588 sempiternae
973 538 1220 584 cohabitare,
1257 539 1342 589 ejus

155 591 381 641 opitulante
407 592 684 630 munificentia
710 592 890 630 valeatis.

205 644 227 657 ‘⁴
248 644 466 683 Praeterea
484 645 810 684 benedictionem
830 647 1068 696 protectoris
1090 649 1211 684 vestri
1232 647 1342 685 beati

156 695 265 736 Petri
285 698 557 748 apostolorum
585 701 773 749 principis
802 700 912 737 vobis
942 699 1175 744 direximus,
1197 700 1240 737 id
1268 705 1343 744 est,

153 753 316 789 camisia
331 752 346 776 1
364 765 455 789 cum
471 757 662 789 ornatura
677 755 718 789 in
738 765 835 789 auro
851 765 945 796 una,
963 756 1005 790 et
1019 752 1113 790 lena
1130 753 1343 790 Aneiriana

156 818 257 842 una:
294 805 403 854 quod
424 807 614 854 petimus,
637 810 684 842 ut
707 818 755 843 eo
777 806 1040 855 benignitatis
1064 807 1196 842 animo
1218 805 1343 856 gloria

156 862 286 896 vestra
307 860 512 908 suscipiat,
532 871 611 909 quo
632 871 655 895 a
673 859 786 896 nobis
807 861 983 896 noscitur
1003 858 1292 897 destinatum.’'

641 1078 756 1116 CAP.
795 1079 853 1115 XI

160 1163 209 1200 Ut
229 1162 417 1216 coniugem
439 1163 570 1215 ipsius,
589 1178 657 1214 per
678 1164 882 1215 epistolam,
905 1164 1036 1202 salutis
1057 1164 1158 1202 illius
1180 1164 1343 1202 sedulam

506 1230 614 1268 agere
641 1231 766 1255 curam
793 1218 982 1256 monuerit.

206 1305 269 1341 An
286 1307 499 1356 coniugem
516 1317 676 1354 quoque
693 1304 796 1342 illius
814 1303 1101 1355 Aedilbergam
1117 1304 1343 1343 huiusmodi

154 1357 288 1396 literas
310 1358 419 1396 idem
440 1357 625 1408 pontifex
646 1360 777 1396 misit:

154 1427 372 1478 Exemplar
395 1427 590 1477 epistolae
613 1428 835 1466 beatissimi
859 1432 902 1466 et
924 1427 1131 1477 apostolici
1153 1427 1343 1465 Bonifatii

204 1494 334 1531 papae
362 1482 469 1519 urbis
497 1481 649 1518 Romae
677 1481 855 1519 directae
882 1480 1154 1532 Aedilbergae
1179 1483 1343 1533 reginae

205 1534 381 1573 Aeduini
402 1536 519 1586 regis.

204 1604 225 1617 “
245 1604 446 1643 Dominae
483 1604 678 1656 gloriosae
715 1605 820 1642 filiae
857 1604 1128 1655 Aedilbergae
1163 1606 1342 1656 reginae,

152 1657 375 1696 Bonifatius
398 1660 606 1708 episcopus
627 1672 763 1697 servus
784 1672 989 1696 servorum
1010 1658 1101 1696 Dei.

202 1717 226 1735 “
242 1711 525 1762 Redemptoris
557 1714 684 1750 nostri
721 1712 951 1762 benignitas
993 1711 1170 1749 humano
1203 1713 1342 1762 generi

153 1765 262 1814 quod
280 1767 446 1815 pretiosi
464 1767 669 1816 sanguinis
689 1767 750 1803 sui
766 1764 959 1803 effusione
979 1778 1003 1802 a
1021 1764 1186 1803 vinculis
1206 1765 1343 1802 diabo-

151 1817 252 1856 licae
280 1820 527 1868 captivitatis
549 1820 710 1868 eripuit,
726 1818 879 1856 multae
900 1817 1178 1868 providentiae
1198 1818 1342 1868 quibus

152 1870 375 1909 salvaretur
394 1874 622 1921 propinavit
641 1871 843 1915 remedia;
872 1875 1071 1921 quatenus
1091 1873 1153 1908 sui
1172 1873 1342 1909 nominis

151 1927 400 1974 agnitionem
451 1925 608 1962 diverso
658 1924 778 1961 modo
830 1925 1019 1974 gentibus
1070 1925 1342 1968 innotescens,

568 2033 580 2052 ²
603 2032 657 2067 for
673 2032 859 2070 camisiam,
878 2032 930 2065 Pl.

153 2100 222 2137 262
