1473 2322
400 122 511 160 THE
547 120 877 160 VENERABLE
913 121 1060 159 BEDE

136 226 281 270 laetus,
299 228 431 277 gratia
457 225 754 269 decentissima,
774 227 1005 276 quingentis
1032 223 1118 262 fere
1141 223 1322 275 passibus

137 280 188 317 ab
203 279 355 317 harena
371 282 470 316 situs
488 285 565 323 est,
581 282 698 316 variis
715 279 931 316 herbarum
947 278 1108 315 floribus
1125 279 1324 328 depictus,

136 335 258 370 immo
292 346 582 383 usquequaque
615 335 801 376 vestitus3
833 335 875 369 in
909 345 988 382 quo
1021 331 1122 368 nihil
1154 337 1324 382 repente

137 387 320 431 arduum,
365 386 464 423 nihil
514 398 721 436 praeceps,
772 386 871 422 nihil
922 387 1154 435 abruptum,
1203 398 1325 435 quem

136 439 329 477 lateribus
343 439 463 490 longe
481 439 647 489 lateque
662 439 883 477 deductum
901 441 943 476 in
961 440 1125 476 modum
1141 440 1325 488 aequoris

136 499 283 530 natura
305 493 550 543 complanat,
573 493 741 543 dignum
765 492 953 530 videlicet
979 506 1085 536 eum,
1109 505 1180 542 pro
1205 494 1327 529 insita

137 547 213 583 sibi
243 549 377 596 specie
407 549 646 591 venustatis,
678 548 758 583 iam
788 546 883 583 olim
911 546 1085 584 reddens
1116 547 1183 596 qui
1213 546 1327 583 beati

136 603 325 650 martyris
361 613 500 638 cruore
535 601 749 638 dicaretur.
806 600 853 636 In
888 599 1006 636 huius
1043 612 1139 649 ergo
1174 601 1326 636 vertice

137 659 299 690 sanctus
335 654 517 691 Albanus
553 654 638 690 dari
674 655 749 691 sibi
786 666 809 690 a
846 653 935 691 Deo
972 666 1119 703 aquam
1154 654 1326 703 rogavit,

137 709 358 757 statimque
404 707 556 744 incluso
601 713 742 744 meatu
788 712 883 744 ante
929 707 1055 756 pedes
1104 708 1190 744 eius
1236 705 1325 742 fons

136 763 324 810 perennis
355 766 519 798 exortus
551 766 627 805 est,
658 766 705 798 ut
734 774 873 798 omnes
905 765 1172 810 agnoscerent
1203 762 1327 797 etiam

137 819 361 852 torrentem
378 816 547 865 martyri
564 815 802 864 obsequium
820 814 1036 851 detulisse:
1067 826 1200 863 neque
1220 815 1326 850 enim

137 867 223 905 fieri
253 873 417 917 poterat
447 873 494 905 ut
524 870 566 904 in
597 868 722 904 arduo
752 870 901 904 montis
934 869 1140 904 cacumine
1171 871 1327 917 martyr

137 934 427 971 aquamquam
446 924 487 957 in
508 920 627 958 fluvio
648 934 729 957 non
748 921 983 971 reliquerat,
1002 925 1179 970 peteret,
1200 922 1234 957 si
1252 919 1328 956 hoc

137 980 409 1024 opportunum
433 987 520 1012 esse
543 988 624 1011 non
646 975 816 1012 videret.
871 974 951 1021 Qui
973 974 1163 1011 videlicet
1184 973 1327 1010 fluvius

136 1031 359 1066 ministerio
412 1028 632 1078 persoluto,
687 1029 902 1066 devotione
957 1027 1177 1077 completa3,
1212 1027 1328 1064 officii

138 1084 417 1118 testimonium
438 1082 683 1131 relinquens,
703 1095 885 1119 reversus
907 1087 970 1119 est
991 1082 1043 1118 ad
1062 1086 1262 1118 naturam,

189 1135 424 1173 Deeollatus
478 1138 618 1184 itaque
673 1141 829 1185 martyr
882 1134 1121 1172 fortissimus
1176 1134 1327 1171 ibidem

137 1191 293 1238 accepit
325 1202 513 1226 eoronam
539 1192 648 1225 vitae
683 1202 804 1238 quam
837 1190 1066 1238 repromisit
1095 1188 1207 1225 Deus
1241 1187 1328 1225 dili-

136 1243 327 1292 gentibus
366 1255 422 1280 se.
478 1241 559 1280 Sed
597 1242 664 1280 ille
704 1244 773 1292 qui
812 1245 887 1291 piis
927 1242 1145 1280 cervicibus
1184 1243 1328 1292 impias

139 1295 277 1333 intulit
319 1308 461 1333 manus
505 1296 684 1346 gaudere
729 1309 849 1345 super
891 1301 1096 1332 mortuum
1139 1308 1220 1332 non
1265 1299 1329 1332 est

138 1352 381 1398 permissus:
425 1363 601 1399 namque
631 1349 734 1386 ocuii
765 1352 849 1386 eius
877 1352 919 1385 in
947 1354 1098 1386 terram
1128 1362 1208 1385 una
1236 1361 1328 1385 cum

138 1404 249 1440 beati
286 1405 475 1453 martyris
513 1405 647 1452 capite
685 1403 937 1440 deciderunt.
992 1402 1226 1440 Decollatus
1265 1407 1329 1439 est

137 1458 192 1494 ibi
224 1462 312 1494 tum
337 1452 470 1495 'etiam
502 1457 616 1494 miles
649 1455 730 1500 ille,
762 1458 829 1506 qui
863 1462 986 1494 antea
1018 1469 1192 1506 superno
1224 1461 1328 1492 nutu

137 1515 551 1560 correptus,sanctum
574 1510 653 1548 Dei
674 1509 944 1547 confessorem
964 1508 1084 1547 ferire
1104 1511 1328 1547 recusavit:

138 1563 189 1601 de
212 1577 291 1614 quo
313 1566 502 1601 nimirum
524 1568 698 1608 constat,
722 1566 816 1613 quia
839 1566 915 1601 etsi
937 1562 1051 1601 fonte
1072 1564 1328 1613 baptismatis

137 1629 217 1654 non
253 1623 316 1655 est
352 1617 528 1661 ablutus,
562 1619 623 1654 sui
658 1622 797 1654 tamen
834 1622 898 1655 est
932 1618 1136 1667 sanguinis
1171 1616 1328 1653 lavacro

135 1670 353 1708 mundatus
367 1683 412 1708 ac
424 1672 540 1722 regni
554 1669 739 1708 caelestis
752 1671 896 1721 dignus
909 1668 1040 1707 factus
1054 1675 1116 1708 est
1131 1672 1326 1720 ingressu.

185 1835 198 1853 1
221 1833 399 1875 Difficulty
425 1833 487 1865 has
516 1833 601 1865 been
628 1833 730 1864 made
756 1833 865 1865 about
892 1833 961 1864 this
995 1842 1148 1874 passage,
1177 1831 1241 1864 but
1266 1831 1327 1864 the

140 1878 312 1908 narrative
331 1878 361 1908 is
382 1877 507 1908 clearer
526 1877 553 1908 if
574 1887 623 1907 we
644 1876 857 1907 understand
879 1876 959 1907 that
978 1877 1007 1907 it
1028 1885 1146 1906 means
1167 1875 1247 1906 that
1266 1875 1327 1906 the

139 1921 237 1955 river,
261 1919 384 1960 stayed
407 1920 443 1951 in
465 1920 512 1951 its
535 1929 652 1950 course
675 1920 728 1950 for
752 1919 810 1950 the
834 1918 956 1950 saint's
979 1928 1134 1960 passage,
1158 1917 1328 1949 ascended

139 1962 339 1994 afterwards
362 1962 512 2003 through
535 1961 594 1993 ‘che
617 1962 678 1993 hill
701 1964 739 1993 at
762 1962 814 1993 his
838 1964 986 2002 request,
1011 1961 1081 1992 and
1103 1960 1232 2001 having
1253 1970 1326 2002 per-

138 2005 270 2037 formed
285 2006 330 2036 its
347 2004 442 2036 office
457 2004 619 2036 returned
635 2008 672 2036 to
686 2005 733 2036 its
747 2005 875 2036 former
889 2013 1016 2036 course.

140 2072 184 2105 42
