1473 2322
448 141 559 179 THE
595 139 926 178 VENERABLE
961 139 1108 176 BEDE

186 247 331 295 potuit.
386 244 477 290 Quo
527 243 774 280 clarescente
824 240 1029 286 miraculo,
1078 254 1173 278 mox
1221 242 1372 279 ibidem

187 309 354 347 ecclesia
376 313 618 352 restaurata,
643 312 686 345 et
707 306 809 344 haec
832 306 976 344 eadem
1000 306 1160 343 destina
1180 307 1223 342 in
1244 309 1374 343 muni-

185 378 370 411 mentum
413 378 475 410 est
516 373 696 422 parietis,
737 376 785 408 ut
827 376 922 408 ante
964 369 1112 415 fuerat,
1154 369 1373 408 forinsecus

186 438 382 488 adposita.
436 436 692 486 Rursumque
729 440 894 485 peracto
931 440 1116 484 tempore
1153 433 1374 485 aliquanto,

187 504 323 540 evenit
341 514 414 552 per
433 500 592 550 culpam
611 502 803 544 incuriae,
823 501 954 536 vicum
975 499 1164 544 eundem,
1184 504 1228 537 et
1245 501 1375 550 ipsam

186 569 338 618 pariter
376 564 586 604 ecclesiam
624 565 785 615 ignibus
823 566 1015 601 consumi.
1069 562 1151 601 Sed
1187 577 1239 602 ne
1277 569 1375 602 tunc

187 631 352 682 quidem
378 630 550 668 eandem
576 634 748 679 tangere
773 627 937 665 flamma
963 628 1165 666 destinam
1190 627 1375 667 valebat:

187 702 231 734 et
258 708 350 733 cum
378 708 526 745 magno
556 696 698 744 utique
727 692 918 730 miraculo
948 695 1035 743 ipsa
1065 695 1149 730 eius
1178 692 1376 731 foramina

186 760 431 811 ingredienS,
460 759 604 809 quibus
629 757 810 795 aedificio
849 762 937 795 erat
975 757 1122 801 adfixa,
1144 758 1376 806 perederet,

186 829 315 877 ipsam
347 830 487 862 tamen
518 823 682 861 laedere
715 821 946 860 nullatenus
979 822 1200 859 sinebatur.
1254 822 1376 861 Unde

186 891 310 927 tertio
333 887 547 925 aedificata
574 887 630 923 ibi
660 885 841 930 ecclesia,
865 885 1066 923 destinam
1088 885 1199 922 illam
1222 900 1303 924 non
1330 893 1377 924 ut

188 959 311 992 antea
343 951 490 990 deforis
523 954 565 988 in
597 950 880 988 fulcimentum
913 950 1054 988 domus
1089 951 1377 1001 adposuerunt,

188 1018 260 1056 sed
295 1020 401 1054 intro
438 1019 567 1067 ipsam
604 1015 814 1053 ecclesiam
849 1017 891 1052 in
926 1017 1163 1052 memoriam
1198 1016 1376 1054 miraculi

188 1087 423 1134 posuerunt,
457 1082 526 1118 ubi
559 1083 758 1118 intrantes
792 1093 902 1131 genu
934 1079 1114 1126 flectere,
1148 1093 1194 1118 ac
1225 1083 1378 1120 miseri-

187 1147 347 1186 cordiae
387 1146 553 1185 eaelesti
593 1144 819 1195 supplicare
860 1145 1071 1182 deberent.
1126 1144 1377 1196 Constatque

187 1212 336 1251 multos
367 1225 418 1250 ex
449 1224 497 1250 eo
526 1216 711 1260 tempore
742 1212 916 1260 gratiam
946 1212 1131 1247 sanitatis
1160 1212 1202 1247 in
1233 1211 1378 1249 eodem

187 1277 274 1315 loco
298 1281 557 1314 consecutos:
597 1277 695 1325 quin
720 1277 845 1312 etiam
869 1273 1009 1311 astulis
1034 1288 1085 1312 ex
1108 1276 1196 1325 ipsa
1219 1275 1377 1313 destina

191 1343 330 1380 excisis
359 1345 402 1379 et
428 1343 469 1378 in
497 1352 645 1390 aquam
671 1341 815 1384 missis,
841 1338 976 1389 plures
1004 1340 1078 1376 sibi
1105 1341 1268 1389 suisque
1294 1339 1378 1378 lan-

192 1419 360 1457 guorum
385 1405 566 1444 remedia
590 1406 853 1454 conquisiere.

239 1470 385 1521 Scripsi
417 1475 557 1507 autem
589 1468 690 1506 haec
722 1469 774 1506 de
805 1481 979 1519 persona
1010 1473 1054 1506 et
1085 1469 1273 1518 operibus
1306 1472 1379 1507 viri

192 1535 385 1587 praefati3
421 1546 681 1584 nequaquam
702 1535 743 1570 in
767 1546 814 1571 eo
836 1532 1006 1571 laudans
1028 1532 1092 1570 vel
1115 1532 1268 1584 eligens
1289 1533 1379 1579 hoc,

191 1601 298 1652 quod
320 1600 371 1638 de
394 1600 674 1636 observatione
697 1597 870 1648 paschae
892 1600 1024 1635 minus
1046 1597 1228 1648 perfecte
1250 1601 1379 1649 sapie-

192 1667 283 1703 bat:
332 1667 455 1701 immo
490 1663 565 1700 hoc
599 1662 772 1700 multum
808 1663 1031 1707 detestans,
1066 1665 1170 1700 sicut
1203 1665 1245 1700 in
1277 1662 1378 1701 libro

192 1743 313 1781 quem
339 1730 390 1767 de
416 1729 666 1778 temporibus
693 1730 912 1778 composui,
938 1727 1264 1766 manifestissime
1289 1741 1379 1779 pro-

193 1796 305 1839 bavi;
338 1794 412 1832 sed
431 1795 545 1844 quasi
565 1806 687 1831 verax
707 1792 932 1837 historicus,
952 1792 1186 1842 simpliciter
1206 1806 1255 1830 ea
1273 1806 1379 1843 quae

192 1859 242 1897 de
272 1857 340 1896 illo
372 1860 455 1896 sive
486 1871 559 1908 per
589 1856 702 1894 illum
734 1862 829 1894 sunt
865 1862 995 1907 gesta,
1028 1857 1272 1902 describens,
1304 1858 1378 1895 et1

192 1937 296 1974 quae
314 1923 435 1961 laude
455 1928 550 1960 sunt
570 1922 693 1973 digna
711 1924 753 1958 in
773 1924 857 1959 eius
877 1922 1033 1958 actibus
1051 1921 1234 1966 laudans,
1254 1927 1378 1974 atque

669 2006 682 2027 ²
704 2007 757 2039 sor
773 2017 821 2045 ea,
838 2006 890 2038 Pl.

191 2063 263 2110 408
