1473 2322
405 141 517 180 THE
554 140 883 179 VENERABLE
919 140 1066 179 BEDE

146 246 226 285 Sed
254 250 452 297 quantum
480 244 580 283 haec
609 245 768 296 agendo
796 244 1027 295 profecerit,
1056 244 1187 282 adhuc
1213 257 1330 294 prae-

146 304 277 338 sentia
292 304 477 348 tempora
493 299 714 337 declarant.

197 354 271 392 His
301 353 552 402 temporibus
583 355 695 390 venit
727 351 926 396 Mellitus‚
958 351 1195 389 Lundoniae
1227 353 1331 401 epis-

147 420 283 456 copus,
315 405 499 450 Romam,
530 406 582 443 de
614 408 847 443 necessariis
881 405 1073 443 ecclesiae
1106 404 1332 455 Anglorum

147 473 237 498 cum
287 459 506 509 apostolico
555 472 661 509 papa
710 459 912 496 Bonifatio
961 462 1222 496 tractaturus.
1276 458 1332 495 Et

146 527 237 551 cum
270 514 379 551 idem
412 526 519 562 papa
552 515 899 550 reverentissimus
933 516 1099 562 cogeret
1132 511 1332 562 synodum

147 570 425 616 episcoporum
449 566 609 610 Italiae,
632 566 684 604 de
708 569 792 603 vita
814 565 1101 603 monachorum
1126 570 1169 603 et
1193 567 1332 615 quiete

146 621 416 664 ordinaturus,
439 624 483 658 et
504 622 591 669 ipse
617 619 800 657 Mellitus
823 622 930 657 inter
953 633 1021 657 eos
1045 619 1204 656 adsedit
1228 631 1332 655 anno

146 678 289 712 octavo
317 676 475 723 imperii
506 673 663 710 Focatis
694 675 897 722 principis,
926 673 1146 710 indictione
1176 672 1334 709 decima

146 729 285 772 tertia,
298 729 421 765 tertio
435 727 500 764 die
514 726 779 764 kalendarum
795 726 1059 763 Martiarum:
1088 730 1133 763 ut
1147 738 1333 775 quaeque

148 785 264 819 erant
297 779 538 831 regulariter
572 780 751 824 decreta,
785 793 859 817 sua
893 792 1054 829 quoque
1089 781 1333 815 auctoritate

147 834 400 872 subscribens
450 833 720 877 confirmaret,
771 845 817 870 ac
866 832 1110 869 Brittaniam
1159 832 1333 876 rediens,

146 901 283 926 secum
302 886 528 938 Anglorum
549 885 724 924 ecclesiis
744 886 975 923 mandanda
994 890 1118 936 atque
1137 885 1334 923 servanda

147 941 341 985 deferret,
364 953 444 977 una
465 953 556 977 cum
579 939 759 990 epistolis
782 953 881 990 quas
904 940 1012 977 idem
1035 938 1220 988 pontifex
1242 937 1334 976 Deo

147 994 296 1033 dilecto
327 993 625 1043 archiepiscopo
657 993 893 1037 Laurentio,
925 997 967 1031 et
998 992 1104 1030 clero
1135 994 1334 1037 universo,

147 1047 332 1087 similiter
357 1052 400 1085 et
424 1047 686 1085 Aedilbercto
710 1049 797 1097 regi
822 1051 946 1096 atque
971 1048 1085 1096 genti
1110 1045 1335 1096 Anglorum

148 1102 310 1140 direxit.
365 1101 442 1138 Hic
472 1105 536 1139 est
563 1100 803 1144 Bonifatius,
834 1104 1000 1150 quartus
1031 1113 1055 1137 a
1082 1099 1205 1137 beato
1235 1098 1335 1137 Gre-

147 1157 260 1206 gorio
298 1154 505 1192 Romanae
544 1155 652 1192 urbis
691 1156 893 1203 episcopo,
932 1155 999 1204 qui
1039 1154 1273 1202 impetravit
1311 1165 1335 1189 a

148 1209 298 1246 Focate
329 1210 524 1258 principe,
557 1208 695 1245 donari
730 1207 922 1245 ecclcsiae
955 1206 1103 1244 Christi
1135 1205 1334 1256 templum

148 1262 301 1300 Romae
324 1262 433 1311 quod
455 1260 666 1299 Pantheon
689 1261 909 1297 vocabatur
931 1261 982 1297 ab
1005 1262 1197 1310 antiquis,
1220 1261 1334 1310 quasi

148 1315 404 1354 simulacrum
444 1319 552 1353 esset
589 1317 769 1351 omnium
807 1314 997 1352 deorum:
1050 1315 1090 1350 in
1130 1326 1209 1363 quo
1249 1315 1334 1362 ipse

150 1369 357 1407 eliminata
395 1370 504 1406 omni
541 1370 748 1417 spurcitia,
785 1367 884 1405 fecit
923 1366 1132 1405 ecclesiam
1170 1371 1335 1404 sanctae

149 1422 229 1461 Dei
264 1424 496 1473 genetricis,
531 1426 655 1472 atque
690 1423 869 1459 omnium
904 1425 1127 1471 martyrum
1164 1419 1336 1463 Christi3

152 1481 197 1514 ut
233 1475 396 1514 exclusa
430 1474 693 1512 multitudine
730 1475 987 1518 daemonum,
1023 1473 1243 1510 multitudo
1280 1474 1336 1510 ibi

151 1534 381 1567 sanctorum
403 1531 639 1567 memoriam
662 1528 847 1566 haberet.

194 1691 208 1711 1
230 1691 302 1723 The
327 1690 480 1723 catholic
507 1690 629 1721 Eastm·
654 1702 724 1721 was
750 1694 811 1722 not·
840 1689 991 1729 adopted
1021 1689 1054 1719 in
1084 1687 1195 1719 Wales
1221 1687 1335 1720 before

153 1735 253 1767 755-1
265 1744 275 1766 A
287 1746 311 1766 ι.

195 1777 208 1795 2
231 1775 393 1808 Boniface
409 1774 470 1814 IV,
489 1776 648 1807 fios-615.
942 1773 955 1792 ³
980 1774 1053 1804 610.
