1473 2322
423 122 536 160 THE
572 121 902 159 VENERABLE
937 121 1085 159 BEDE

163 226 272 264 facto
292 228 405 264 venit
431 226 482 263 ad
505 239 660 276 regem,
681 230 724 264 et
742 230 900 264 retecto
918 227 1162 263 vestimento
1189 226 1349 275 quantis

165 284 273 318 esset
310 280 542 317 verberibus
579 278 778 316 laceratus
816 279 1007 316 ostendit.
1061 277 1141 324 Qui
1176 277 1350 315 multum

164 336 347 376 miratus,
384 337 427 370 et
458 334 664 382 inquirens
699 334 786 382 quis
819 336 938 369 tanto
971 334 1054 369 viro
1090 331 1194 369 tales
1232 344 1350 369 ausus

165 390 273 424 esset
302 385 443 436 plagas
477 385 682 436 infligere:
720 390 766 422 ut
798 385 951 422 audivit
982 387 1076 435 quia
1104 398 1201 423 suae
1231 397 1352 423 causa

164 439 304 477 salutis
345 441 554 489 episcopus
597 439 649 476 ab
687 438 870 488 apostolo
906 437 1054 476 Christi
1089 442 1208 475 tanta
1244 441 1352 476 esset

163 497 369 530 tormenta
404 492 627 542 plagasque
664 505 893 542 perpessus,
930 493 1120 530 extimuit
1155 490 1351 535 multum.;

165 550 289 596 atque
323 545 669 593 anathematizato
702 546 810 582 omni
840 544 1052 583 idolatriae
1085 544 1210 589 cultu,
1241 545 1352 582 abdi-

165 604 256 636 cato
285 599 484 636 connubio
512 612 592 636 non
619 598 817 649 legitimo,
839 600 1017 648 suscepit
1042 597 1164 636 fidem
1190 597 1352 642 Christi,

166 658 208 691 et
242 653 486 702 baptizatus,
522 651 714 690 ecclesiae
747 652 867 690 rebus
905 656 1104 702 quantum
1136 650 1277 695 valuit,
1310 653 1351 688 in

165 707 349 744 omnibus
378 705 586 744 consulere
619 719 665 743 ac
692 705 829 743 favere
861 707 1029 742 curavit.
1085 704 1200 742 Misit
1228 706 1352 742 etiam

166 759 353 804 Galliam,
382 763 425 797 et
451 761 655 797 revocavit
686 758 892 796 Mellitum
925 771 971 795 ac
1002 758 1174 802 Iustum,
1203 770 1352 808 eosque

166 813 217 850 ad
232 826 324 851 suas
344 811 531 850 ecclesias
546 811 672 849 libere
687 811 958 849 instituendas
972 811 1104 849 redire
1123 813 1353 861 praecepit:

165 868 233 915 qui
262 870 354 915 post
383 879 532 902 annum
561 878 612 903 ex
641 878 721 915 quo
750 865 952 909 abierunt,
977 867 1126 903 reversi
1153 869 1270 909 sunt3
1310 869 1353 902 et

166 920 301 957 Iustus
335 919 499 968 quidem
533 919 585 956 ad
617 921 826 956 civitatem
854 918 982 962 Hrofi‚
1010 920 1073 955 cui
1105 917 1352 967 praefuerat,

164 972 300 1017 rediit,
322 972 528 1010 Mellitum
548 985 642 1010 vero
669 971 974 1009 Lundoniens'es
1002 973 1233 1021 episcopum
1255 974 1353 1009 reci-

165 1039 261 1076 pere
290 1025 520 1070 noluerunt,
548 1024 728 1063 idolatris
756 1027 884 1075 magis
912 1025 1168 1074 pontificibus
1204 1027 1352 1063 servire

165 1079 405 1130 gaudentes.
459 1078 550 1116 Non
583 1081 691 1117 enim
719 1082 837 1115 tanta
870 1082 958 1116 erat
988 1081 1040 1122 ei,
1069 1082 1222 1128 quanta
1247 1080 1353 1128 patri

165 1135 287 1182 ipsius
309 1134 424 1182 regni
446 1136 643 1182 potestas,
662 1138 708 1169 ut
729 1134 853 1169 etiam
872 1131 1102 1170 nolentibus
1129 1144 1175 1168 ac
1196 1135 1354 1169 contra-

166 1186 392 1223 dicentibus
420 1188 588 1236 paganis
617 1187 844 1223 antistitem
871 1198 968 1223 suae
994 1189 1133 1235 posset
1160 1184 1353 1223 ecclesiae

165 1240 348 1277 reddere.
402 1239 694 1276 Verumtamen
715 1241 802 1288 ipse
828 1251 920 1275 cum
946 1252 1017 1276 sua
1039 1242 1180 1289 gente,
1199 1252 1250 1277 ex
1273 1251 1353 1288 quo

167 1293 218 1330 ad
263 1292 484 1329 Dominum
529 1305 742 1330 conversus
793 1296 869 1336 est,
916 1292 1058 1329 divinis
1106 1305 1150 1330 se
1196 1292 1354 1330 studuit

165 1348 395 1395 mancipare
431 1347 672 1395 praeceptis.
726 1344 916 1395 Denique
953 1349 995 1383 et
1030 1347 1072 1381 in
1106 1347 1353 1383 monasterio

165 1400 388 1437 beatissimi
417 1398 689 1448 apostolorum
717 1401 920 1448 principis,
949 1397 1159 1436 ecclesiam
1187 1403 1352 1436 sanctae

165 1452 245 1490 Dei
265 1454 470 1502 genitricis
490 1452 603 1497 fecit,
623 1465 745 1502 quam
765 1454 1013 1489 consecravit
1032 1451 1352 1502 archiepiscopus

168 1506 364 1544 Mellitus.

210 1651 224 1671 ¹
246 1650 466 1691 Augustine’s
484 1653 683 1691 monastery
700 1653 738 1681 at
755 1649 979 1691 szterbury,
999 1652 1071 1681 east
1090 1649 1124 1680 of
1147 1649 1206 1681 the
1223 1646 1349 1682 church

166 1693 253 1725 built
268 1693 313 1734 by
330 1693 520 1725 Etholbcrt.

168 2057 238 2094 234
