1473 2322
475 150 587 187 THE
623 148 954 186 VENERABLE
990 148 1142 186 BEDE

214 252 365 303 aliquid
381 253 558 289 breviter
574 251 707 289 dicere
724 251 907 288 sufficiat.
962 250 1207 289 Imminente
1225 264 1322 301 ergo
1339 251 1405 289 die

214 326 310 349 suae
331 313 565 355 vocationis,
585 312 720 360 coepit
740 312 905 348 circuire
925 312 967 347 in
985 312 1230 347 monasterio
1251 310 1404 348 casulas

214 371 461 407 infirmarum
473 370 620 407 Christi
631 369 888 415 famularum,
900 383 1121 420 earumque
1133 369 1197 408 vel
1212 373 1405 415 maxime,

215 444 319 480 quae
364 429 429 468 vel
472 435 611 468 aetate
655 435 886 480 provectae,
930 429 995 467 vel
1038 430 1243 479 probitate
1289 435 1406 467 erant

214 503 370 527 morum
407 491 665 539 insigniores:
718 502 888 539 quarum
925 502 968 527 se
1005 491 1184 526 omnium
1220 489 1405 538 precibus

214 548 420 587 humiliter
438 549 739 594 commendans,
759 550 914 586 obitum
933 551 1115 598 proxime
1134 562 1265 593 suum,
1283 562 1406 599 quem

214 607 461 646 revelatione
505 609 716 653 didicerat,
758 622 839 645 non
881 608 1028 646 celavit
1071 622 1158 646 esse
1200 608 1406 646 futurum:

215 682 337 718 quam
366 667 554 706 videlicet
581 667 871 706 revelationem
899 667 1127 706 huiusmodi
1156 681 1243 706 esse
1274 668 1406 719 perhi-

214 729 362 765 bebat:
392 728 537 765 vidisse
553 741 596 765 se
613 727 839 765 albatorum
855 733 1059 765 catervam
1074 727 1282 765 hominum
1297 728 1405 766 idem

214 789 478 824 monsterium
508 790 682 830 intrare;
719 787 871 837 hosque
902 801 925 823 a
954 801 996 825 se
1017 790 1288 837 interrogatos
1309 788 1406 838 quid

216 852 473 896 quaererent,
504 851 576 882 aut
606 846 703 895 quid
732 847 787 883 ibi
818 845 984 891 vellent,
1014 847 1268 896 respondisse
1299 847 1406 897 quod

216 907 266 943 ob
283 906 357 942 hoc
372 905 439 943 illo
456 905 609 943 fuerint
625 905 832 950 destinati,
849 911 895 942 ut
912 919 1079 943 aureum
1093 904 1193 943 illud
1208 909 1407 944 numisma

216 965 324 1015 quod
364 978 412 1002 eo
453 965 504 1002 de
546 964 691 1001 Cantia
731 970 912 1010 venerat,
953 978 1089 1002 secum
1130 965 1404 1004 adsumerent.

217 1025 310 1074 Ipsa
345 1029 484 1061 autem
519 1029 653 1069 nocte,
688 1025 729 1060 in
764 1026 875 1061 cuius
910 1023 1054 1061 ultima
1087 1030 1220 1074 parte,
1254 1025 1296 1063 id
1331 1030 1407 1071 est,

215 1086 434 1133 incipiente
466 1096 622 1128 aurora,
652 1086 877 1132 praesentis
907 1084 1047 1121 mundi
1077 1084 1268 1122 tenebras
1298 1089 1408 1121 tran-

216 1147 335 1187 siens,
351 1156 567 1193 supernam
583 1144 771 1192 migravit
788 1143 840 1180 ad
853 1141 1000 1187 lucem,
1015 1142 1133 1180 multi
1149 1144 1200 1181 de
1216 1143 1407 1182 fratribus

217 1203 398 1241 eiusdem
423 1204 671 1246 monasterii,
699 1204 767 1251 qui
794 1201 879 1239 aliis
908 1208 1024 1239 erant
1050 1205 1091 1239 in
1118 1203 1299 1248 aedibus,
1325 1205 1407 1241 iam

216 1262 432 1300 manifeste
487 1275 530 1300 se
585 1267 804 1299 concentus
859 1260 1094 1311 angelorum
1148 1261 1407 1312 psallentium

217 1323 375 1360 audisse
405 1320 653 1365 referebant,
683 1321 757 1358 sed
787 1326 831 1359 et
860 1324 1036 1358 sonitum
1067 1324 1181 1371 quasi
1210 1322 1406 1372 plurimae

216 1381 486 1419 multitudinis
517 1383 808 1418 monasterium
840 1381 1126 1431 ingredientis:
1173 1382 1281 1420 unde
1312 1396 1406 1420 mox

218 1443 367 1491 egressi
383 1441 618 1490 dignoscere
635 1440 731 1490 quid
747 1446 868 1485 esset,
884 1441 1072 1478 viderunt
1090 1440 1223 1479 lucem
1237 1440 1406 1480 caelitus

218 1503 403 1538 emissam
439 1499 562 1537 fuisse
597 1501 904 1549 permaximam,
940 1513 1045 1550 quae
1080 1506 1262 1537 sanctam
1297 1500 1407 1539 illam

217 1563 393 1597 animam
410 1562 538 1596 carnis
556 1558 720 1596 vinculis
739 1559 980 1604 absolutam,
998 1560 1049 1597 ad
1067 1565 1234 1598 aeterna
1250 1563 1407 1610 patriae

217 1619 402 1657 caelestis
443 1619 592 1669 gaudia
632 1619 820 1656 ducebat.
875 1619 1047 1656 Addunt
1087 1624 1130 1656 et
1171 1619 1261 1664 alia,
1302 1633 1406 1670 quae

217 1682 304 1730 ipsa
338 1684 458 1716 nocte
493 1681 533 1715 in
569 1680 814 1716 monasterio
851 1678 994 1716 eodem
1030 1679 1220 1716 divinitus
1254 1678 1408 1717 fuerint

218 1745 381 1777 ostensa
409 1737 622 1775 miracula:
668 1737 740 1775 sed
769 1737 869 1775 haec
899 1751 970 1775 nos
1001 1738 1052 1775 ad
1082 1737 1159 1775 alia
1188 1738 1406 1777 tendentes

218 1801 297 1836 suis
346 1811 507 1835 narrare
555 1800 840 1847 permittimus.
895 1796 1108 1847 Sepultum
1157 1803 1220 1835 est
1267 1803 1404 1836 autem

218 1871 360 1908 corpus
395 1856 625 1895 venerabile
661 1859 822 1906 virginis
870 1862 913 1894 et
959 1869 1128 1906 sponsae
1165 1856 1328 1902 Christi,
1364 1860 1404 1895 in

265 1970 277 1988 1
301 1969 383 2000 This
398 1969 479 2000 does
494 1971 557 1999 not
572 1977 677 2009 prove
693 1967 773 1998 that
788 1967 867 2008 gold
883 1967 978 1998 coins
993 1977 1078 1997 were
1094 1970 1231 1998 current
1245 1967 1281 1998 in
1297 1966 1403 1999 Kent.

263 2012 276 2031 ²
299 2012 328 2043 A
345 2012 469 2043 double
486 2014 685 2051 monastery
701 2010 787 2042 both
803 2009 838 2041 of
853 2019 942 2041 nuns
958 2009 1027 2040 and
1043 2008 1176 2040 monks.

219 2068 290 2116 364
