1473 2322
474 168 584 205 THE
622 169 951 206 VENERABLE
987 169 1135 207 BEDE

213 270 427 321 capsellam
441 273 482 308 in
497 284 575 321 qua
591 277 679 309 erat
694 273 906 311 adducere.
961 273 1015 310 Et
1030 286 1120 310 cum
1133 271 1200 309 illa
1215 272 1400 310 adferens

214 349 317 386 quae
341 338 446 372 iussa
471 341 547 380 est,
567 338 738 375 intraret
769 339 916 374 atrium
947 337 1103 382 domus,
1132 338 1173 374 in
1203 338 1314 374 cuius
1343 339 1402 373 in-

213 401 425 438 terioribus
466 400 745 438 daemoniosus
785 402 1066 452 torquebatur,
1105 403 1299 438 conticuit
1335 400 1402 439 ille

212 465 361 509 subito,
386 470 429 502 et
455 467 568 514 quasi
592 467 633 502 in
658 478 843 503 somnum
867 464 1028 503 laxatus
1053 465 1241 515 deposuit
1266 470 1402 515 caput,

213 530 395 566 membra
418 531 458 565 in
482 531 664 579 quietem
688 532 823 567 omnia
846 532 1083 580 composuit.

321 615 561 653 Conticuere
583 629 721 654 omnes
742 617 973 667 intentique
995 629 1064 654 ora
1085 616 1298 661 tenebant,

215 715 333 752 quem
357 714 420 739 res
445 703 600 738 exitum
623 700 794 739 haberet
816 699 972 738 solliciti
997 706 1295 751 exspectantes.
1350 701 1403 738 Et

214 769 305 814 post
319 763 570 813 aliquantum
581 761 703 800 horae
718 765 908 813 spatium,
920 763 1072 801 resedit
1085 765 1153 813 qui
1166 763 1404 807 vexabatur,

216 832 258 864 et
293 827 470 875 graviter
507 827 730 874 suspirans:
784 825 805 836 ‘⁴
828 824 996 869 Modo,'’
1034 827 1180 875 inquit,
1218 824 1240 837 ‘⁴
1261 838 1403 861 sanum

214 889 340 936 sapio,
381 888 515 935 recepi
557 888 665 923 enim
706 899 868 923 sensum
911 888 1032 923 animi
1074 885 1196 923 mei.''
1250 887 1308 923 At
1348 885 1404 923 ilh·

214 948 354 987 sedulo
375 948 683 984 sciscitabantur
705 948 905 997 quomodo
927 947 1001 985 hoc
1023 950 1271 997 contigisset.
1325 947 1405 994 Qui

216 1013 272 1048 ait
286 1024 294 1047 :
323 1009 345 1022 “
367 1010 467 1048 Mox
481 1014 527 1046 ut
541 1011 652 1059 virgo
666 1008 766 1046 haec
786 1022 877 1046 cum
891 1008 1065 1059 capsella
1079 1022 1201 1059 quam
1215 1010 1405 1059 portabat

215 1072 552 1122 adpropinquavit
573 1073 675 1108 atrio
704 1071 845 1108 domus
866 1070 997 1116 huius,
1018 1071 1236 1109 discessere
1265 1084 1404 1109 omnes

216 1137 284 1185 qui
315 1147 380 1171 me
412 1133 655 1183 premebant
686 1135 848 1182 spiritus
880 1132 1061 1183 maligni,
1094 1138 1137 1171 et
1167 1146 1234 1170 me
1265 1132 1405 1171 relicto

215 1208 413 1246 nusquam
443 1193 796 1244 comparuerunt.''
850 1194 962 1231 Tunc
992 1195 1105 1232 dedit
1136 1197 1172 1232 ei
1202 1194 1405 1232 abbatissa

215 1256 510 1309 portiunculam
533 1256 583 1294 de
605 1255 770 1306 pulvere
792 1255 881 1300 illo;
920 1261 962 1294 et
983 1258 1038 1293 sic
1061 1257 1157 1294 data
1179 1258 1360 1295 oratione
1383 1271 1407 1294 a

215 1320 453 1371 presbytero
478 1317 560 1363 illo,
586 1323 748 1355 noctem
775 1320 1066 1368 quietissimam
1093 1318 1231 1355 duxit:
1272 1331 1405 1369 neque

217 1381 367 1432 aliquid
384 1394 434 1418 ex
453 1393 501 1418 eo
518 1385 702 1429 tempore
720 1382 905 1417 nocturni
922 1382 1075 1417 timoris
1094 1385 1164 1417 aut
1182 1382 1405 1418 vexationis

218 1445 268 1481 ab
290 1445 456 1493 antiquo
478 1441 594 1479 hoste
616 1441 797 1492 pertulit.

691 1637 807 1675 CAP.
846 1637 926 1675 XII

325 1724 374 1762 Ut
393 1723 442 1760 ad
461 1723 618 1760 tumbam
639 1722 717 1759 eius
736 1723 782 1760 sit
797 1724 976 1773 puerulus
995 1737 1018 1760 a
1026 1722 1141 1774 febre
1159 1728 1319 1760 curatus.

267 1810 477 1852 SEQUENTE
493 1808 638 1847 dehinc
653 1814 837 1858 tempore
853 1808 932 1847 fuit
946 1811 986 1845 in
1004 1809 1147 1846 eodem
1162 1811 1405 1846 monasterio

217 1871 406 1922 puerulus
431 1871 594 1922 quidam
616 1869 736 1921 longo
759 1870 933 1908 febrium
956 1869 1208 1908 incommodo
1230 1872 1407 1920 graviter

219 1938 410 1972 vexatus:
467 1935 534 1983 qui
576 1945 667 1969 cum
709 1932 773 1970 die
817 1932 992 1983 quodam
1032 1931 1225 1969 sollicitus
1266 1930 1405 1968 horam

639 2043 653 2063 ²
678 2043 775 2084 Verg.
792 2043 877 2076 Aen.
894 2043 941 2075 ΙΙ.
961 2044 990 2075 l.

217 2091 287 2139 382
