1473 2322
424 122 457 159 T
459 121 534 159 HE
571 120 901 158 VENERABLE
938 119 1084 157 BEDE

156 226 456 269 sternebantur,
489 226 666 262 revocari
702 228 915 273 poterant:
963 222 1071 260 unde
1105 235 1185 260 non
1218 222 1346 260 multo

158 285 250 329 post
285 281 410 316 acrior
444 283 611 328 gentem
645 279 911 327 peccatricem
945 275 1045 313 ultio
1080 276 1154 313 diri
1187 275 1346 313 sceleris

160 338 300 370 secuta
345 337 418 369 est.
475 331 627 368 Initum
672 343 847 379 namque
893 334 955 366 est
999 329 1205 366 consilium
1250 329 1346 379 quid

160 385 378 436 agendum,
421 384 490 421 ubi
537 383 813 434 quaerendum
861 387 968 420 esset
1014 382 1258 431 praesidium
1295 382 1347 419 ad

163 438 372 477 evitandas
391 437 455 475 vel
473 437 724 487 repellendas
744 442 830 474 tam
848 434 953 473 feras
972 440 1139 485 tamque
1158 435 1347 473 creberri-

161 505 246 529 mas
275 493 460 542 gentium
490 490 775 541 aquilonalium
805 491 1076 538 inruptiones:
1115 488 1347 538 placuitque

162 546 346 583 omnibus
386 557 478 582 cum
519 557 590 581 suo
631 556 728 595 rege
769 542 1012 593 Vurtigerno
1054 546 1100 579 ut
1141 541 1345 578 Saxonum

162 604 329 649 gentem
342 598 393 636 de
405 599 681 635 transmarinis
693 597 875 646 partibus
887 598 928 632 in
941 594 1132 632 auxilium
1145 600 1348 633 vocarent:

162 652 270 702 quod
287 652 449 688 Domini
467 656 568 688 nutu
585 651 822 700 dispositum
840 663 926 687 esse
943 654 1115 692 constat,
1132 654 1177 685 ut
1193 651 1349 686 veniret

162 711 302 742 contra
344 705 532 754 inprobos
586 703 751 747 malum,
795 705 898 740 sicut
943 702 1168 740 evidentius
1211 715 1347 740 rerum

164 761 296 796 exitus
314 759 512 808 probavit.

651 911 768 950 CAP.
805 912 880 949 XV

171 1000 220 1038 Ut
250 999 405 1037 invitata
435 998 660 1037 Brittaniam
687 1011 780 1049 gens
811 997 1029 1049 Anglorum,
1055 997 1177 1048 primo
1207 996 1351 1048 quidem

266 1054 500 1091 adversarios
533 1053 678 1103 longius
710 1051 852 1089 eiecerit
867 1067 884 1095 ,·
928 1051 993 1089 sed
1024 1064 1096 1088 non
1128 1050 1239 1088 multo
1266 1055 1352 1102 post

267 1107 389 1145 iuncto
407 1121 487 1144 cum
506 1106 563 1144 his
570 1105 744 1158 foedere,
763 1105 801 1142 in
819 1104 937 1142 socios
955 1118 1061 1142 arma
1078 1104 1233 1142 verterit.

216 1193 336 1230 Almo
369 1193 420 1230 ab
452 1195 726 1230 incarnatione
759 1191 922 1228 Domini
955 1190 1352 1241 quadringentesimo

167 1247 473 1297 quadragesimo
514 1259 633 1290 nono,
673 1245 904 1282 Marcianus
945 1257 1036 1282 cum
1070 1243 1353 1282 Valentiniano

167 1300 497 1351 quadragesimus
522 1305 660 1337 sextus
686 1299 737 1336 ab
761 1299 948 1349 Augusto
971 1310 1142 1348 regnum
1167 1297 1353 1347 adeptus,

167 1359 325 1404 septem
345 1356 457 1390 annis
476 1356 622 1391 tenuit.
675 1352 788 1389 Tunc
806 1351 1030 1402 Anglorum
1049 1353 1131 1389 sive
1150 1349 1354 1388 Saxonum

167 1420 266 1458 gens
296 1409 468 1444 invitata
487 1420 511 1443 a
530 1420 627 1457 rege
655 1404 854 1455 praefato,
883 1408 924 1441 in
952 1404 1195 1441 Brittaniam
1225 1404 1353 1441 tribus

168 1460 295 1511 longis
316 1461 483 1497 navibus
505 1459 731 1503 advehitur,
749 1464 792 1496 et
812 1461 853 1495 in
868 1457 1052 1495 orientali
1068 1463 1184 1508 parte
1199 1457 1353 1494 insulae

169 1515 336 1552 iubente
381 1514 524 1552 eodem
566 1526 663 1563 rege
706 1512 838 1549 locum
879 1511 1084 1555 manendi,
1127 1513 1240 1561 quasi
1282 1523 1354 1560 pro

170 1570 301 1617 patria
322 1572 566 1618 pugnatura,
588 1580 631 1604 re
655 1571 793 1603 autem
816 1578 911 1603 vera
933 1564 1035 1602 hanc
1059 1569 1354 1615 expugnatura,

170 1623 346 1670 suscipit.
402 1621 509 1658 Inito
533 1633 629 1670 ergo
652 1621 872 1657 certamine
895 1631 986 1655 cum
1008 1617 1190 1655 hostibus
1213 1620 1281 1667 qui
1304 1617 1355 1654 ab

171 1673 357 1724 aquilone
397 1674 449 1711 ad
488 1676 614 1710 aciem
655 1678 864 1716 venerant,
903 1674 1109 1708 victoriam
1149 1684 1355 1720 sumpsere

171 1726 361 1765 Saxones.
416 1726 535 1774 Quod
565 1727 633 1764 ubi
662 1726 770 1763 domi
798 1728 1031 1762 nuntiatum
1061 1730 1137 1769 est,
1166 1724 1285 1762 simul
1313 1729 1356 1762 et

222 1878 234 1897 1
256 1875 351 1917 King
368 1876 403 1907 in
424 1875 533 1907 South
553 1875 666 1907 Wales
685 1875 714 1906 it
732 1885 852 1911 seems,
873 1873 938 1905 but
955 1883 1038 1914 may
1055 1873 1144 1904 have
1163 1872 1249 1905 been
1268 1872 1358 1904 head

176 1920 211 1951 of
239 1929 260 1950 a
288 1919 531 1959 confederacy;
573 1928 629 1950 see
659 1917 784 1955 Oman,
813 1916 967 1957 Enqland
995 1916 1100 1958 before
1127 1915 1179 1948 the
1206 1916 1357 1947 Not-man

176 1961 348 2002 Gonquast,
365 1961 463 2002 chap.
481 1961 527 1992 xi.

220 2006 231 2023 ²
255 2005 326 2039 The
349 2009 443 2038 coast
466 2004 553 2036 from
579 2002 785 2045 Hampshire
808 2005 846 2034 to
869 2001 928 2034 the
952 2000 1056 2033 Wash
1080 2011 1148 2033 was
1175 2000 1299 2033 known
1321 2001 1355 2032 in

174 2061 220 2098 68
