1473 2322
447 142 558 179 THE
595 141 924 178 VENERABLE
958 141 1106 179 BEDE

239 246 323 284 Nec
352 245 512 283 silentio
541 245 840 294 praetereunda
869 246 1137 295 opinioquae
1167 245 1218 283 de
1247 245 1370 284 beato

188 310 382 360 Gregorio
408 309 628 346 traditione
655 310 852 345 maiorum
881 308 932 345 ad
959 321 1030 346 nos
1059 322 1185 359 usque
1213 309 1372 359 perlata

188 378 272 418 est3
305 386 385 423 qua
404 372 592 410 videlicet
611 386 662 410 ex
681 385 802 410 causa
821 372 1064 417 admonitus,
1083 377 1169 409 tarn
1188 372 1370 411 sedulam

187 451 283 488 erga
299 437 472 475 salutern
488 441 650 474 nostrae
667 439 801 487 gentis
817 449 954 473 curam
965 439 1150 487 gesserit.
1203 435 1371 482 Dicunt,

186 504 280 552 quia
296 502 361 539 die
378 501 553 551 quadam
569 514 660 538 cum
681 500 989 538 advenientibus
1009 514 1138 550 nuper
1155 505 1371 539 mercator-

184 567 273 604 ibus
296 565 426 602 multa
449 564 606 603 venalia
627 567 669 601 in
691 564 823 602 forum
845 564 1018 603 fuissent
1040 564 1214 610 conlata,
1237 564 1372 602 multi-

186 643 265 680 que
284 630 337 667 ad
356 629 573 667 emendum
592 628 895 674 confluxissent,
915 633 958 666 et
977 631 1109 678 ipsum
1129 628 1370 680 Gregorium

185 697 292 732 inter
327 693 424 730 alios
462 693 687 730 advenisset
708 706 754 729 ac
790 693 935 731 vidisse
971 695 1078 730 inter
1114 693 1191 730 alia
1226 706 1370 743 pueros

186 758 346 797 venales
372 760 539 807 positos,
564 756 725 794 candidi
750 759 939 806 corporis,
966 769 1011 793 ac
1037 747 1196 795 venusti
1223 756 1370 802 vultus,

185 821 419 873 capillorum
443 834 604 871 quoque
630 820 759 858 forma
784 823 961 871 egregia.
1016 820 1126 868 Quos
1152 834 1243 858 cum
1269 824 1371 871 aspi·

185 891 310 931 ceret,
344 887 624 935 interrogavit,
660 889 706 921 ut
742 887 870 929 aiunt,
906 884 956 923 de
993 897 1073 935 qua
1106 887 1272 936 regione
1307 884 1371 924 vel

184 956 293 989 terra
308 954 444 988 essent
459 949 597 986 adlati.
638 947 888 999 Dictumque
904 953 967 987 est
981 949 1090 999 quod
1104 949 1155 987 de
1170 949 1371 987 Brittania

186 1014 327 1059 insula,
356 1016 468 1052 cuius
496 1013 651 1051 incolae
679 1012 772 1051 talis
802 1017 938 1051 essent
966 1018 1166 1063 aspectus.
1220 1012 1370 1052 Rursus

184 1080 463 1129 interrogavit,
502 1082 638 1115 utrum
676 1076 800 1114 iidem
839 1076 1010 1115 insulani
1050 1076 1280 1122 Christiani,
1319 1091 1370 1115 an

184 1145 351 1194 paganis
378 1141 509 1179 adhuc
536 1142 734 1179 erroribus
762 1145 899 1179 essent
924 1140 1131 1191 implicati.
1185 1140 1371 1179 Dictum-

184 1220 263 1257 que
283 1211 345 1245 est
363 1205 471 1256 quod
489 1209 626 1243 essent
643 1207 804 1256 pagani.
860 1205 918 1242 At
935 1204 1001 1243 ille
1020 1207 1163 1242 intimo
1182 1219 1232 1243 ex
1250 1206 1369 1244 corde

183 1270 303 1321 longa
321 1269 487 1307 trahens
506 1271 697 1319 suspiria:
735 1274 758 1290 ‘⁶
780 1268 887 1313 Heu,
906 1268 1007 1318 proh
1028 1268 1160 1307 dolor!
1180 1268 1203 1281 ”
1223 1271 1370 1320 inquit,

182 1340 205 1357 “
226 1335 335 1385 quod
354 1338 440 1371 tam
460 1333 582 1371 lucidi
603 1332 736 1370 vultus
750 1332 931 1371 homines
948 1334 1209 1371 tenebrarum
1231 1338 1370 1371 auctor

183 1398 376 1449 possidet,
414 1402 613 1447 tantaque
652 1399 785 1448 gratia
822 1396 1059 1447 frontispicii
1096 1401 1278 1435 mentem
1318 1398 1369 1435 ab

183 1467 343 1500 interna
364 1464 497 1513 gratia
519 1474 686 1498 vacuam
706 1461 864 1512 gestat!
886 1460 907 1473 ’'
962 1461 1112 1498 Rursus
1127 1474 1224 1512 ergo
1246 1463 1370 1500 inter-

183 1530 353 1578 rogavit,
371 1526 480 1577 quod
497 1530 605 1563 esset
621 1525 860 1563 vocabulum
877 1528 1011 1576 gentis
1030 1525 1145 1563 illius.
1190 1525 1370 1575 Respon-

181 1605 271 1630 sum
297 1595 374 1635 est,
400 1591 508 1640 quod
534 1589 656 1640 Angli
683 1593 933 1627 vocarentur.
987 1590 1046 1626 At
1070 1589 1152 1634 ille,
1176 1594 1199 1611 “
1215 1587 1368 1634 Bene‚”

182 1658 335 1706 inquit3
374 1660 397 1677 “
417 1668 512 1691 nam
539 1658 581 1692 et
599 1653 826 1705 angelicam
846 1652 1000 1691 habent
1019 1653 1178 1698 faciem,
1199 1658 1241 1692 et
1265 1653 1368 1692 tales

182 1719 418 1770 angelorum
453 1721 494 1755 in
529 1718 649 1756 caelis
685 1718 805 1756 decet
839 1731 927 1756 esse
959 1717 1194 1756 coheredes.
1249 1717 1369 1764 Quod

182 1784 306 1821 habet
324 1797 472 1820 nomen
492 1785 577 1832 ipsa
594 1784 799 1832 provincia
818 1782 868 1820 de
883 1794 963 1832 qua
976 1784 1043 1820 isti
1055 1786 1151 1819 sunt
1170 1781 1324 1818 adlati?
1344 1780 1367 1794 ”

182 1848 431 1898 Responsum
476 1851 553 1891 est,
590 1846 699 1897 quod
739 1851 763 1869 “
783 1844 898 1883 Deiri
917 1844 939 1857 ”
969 1850 1207 1883 vocarentur
1245 1845 1368 1883 iidem

181 1911 454 1961 provinciales.
509 1911 567 1948 At
586 1910 676 1950 ille:
692 1915 717 1933 ‘⁶
732 1908 886 1954 Bene,''
899 1912 1045 1960 inquit,
1058 1908 1081 1923 ‘⁴
1097 1905 1226 1954 Deiri,
1238 1909 1290 1947 de
1308 1911 1368 1947 ira

182 2066 249 2090 200
