1473 2322
399 129 510 167 THE
546 129 877 168 VENERABLE
913 129 1061 169 BEDE

637 281 755 319 CAP.
785 281 849 319 III

147 367 196 405 Ut
222 367 318 404 idem
347 366 535 405 Mellitum
563 381 607 404 ac
633 367 779 458 Ignitum·
804 367 994 419 episcopos
1009 367 1152 420 fecerit
1166 384 1185 412 ;
1225 373 1260 406 et
1284 367 1330 406 de

629 434 649 458 o
675 427 726 458 ctu
746 434 836 459 ems.

190 507 309 544 ANNo
323 506 563 545 Dominicae
576 509 862 545 incarnationis
875 510 1172 546 sexcentesimo
1185 511 1330 558 quarto

139 566 392 616 Augustinus
431 565 719 603 Brittaniarum
759 566 1081 617 archiepiscopus
1129 567 1331 617 ordinavit

139 624 239 662 duos
286 626 510 674 episcopos,
562 624 768 662 Mellitum
817 625 1006 663 videlicet
1056 630 1098 664 et
1149 618 1330 663 Iustum:

141 682 348 721 Mellitum
400 683 564 733 quidem
617 683 669 721 ad
719 684 1036 734 praedicandum
1100 686 1330 734 provinciae

140 741 410 780 Orientalium
454 741 673 786 Saxonum,
718 745 785 792 qui
829 742 1029 781 Tamense
1074 742 1194 780 fluvio
1238 743 1331 789 diri-

138 805 306 838 muntur
339 814 363 837 a
397 800 543 837 Cantia
578 805 620 838 et
655 802 729 850 ipsi
766 800 965 838 Orientali
1000 804 1100 838 mari
1135 803 1330 852 contigui,

139 872 309 909 quorum
326 858 560 908 metropolis
580 858 793 896 Lundonia
809 861 950 897 civitas
968 863 1045 904 est,
1063 873 1184 909 super
1200 863 1331 909 ripam

139 917 312 968 praefati
334 916 507 955 fluminis
528 920 674 967 posita,
696 922 739 955 et
759 920 845 967 ipsa
866 917 1085 956 multorum
1107 921 1331 969 emporium

138 975 376 1027 populorum
391 981 499 1013 terra
510 979 692 1026 marique
706 979 979 1014 venientium:
995 980 1034 1014 in
1048 991 1129 1027 qua
1143 977 1331 1015 videlicet

139 1040 264 1087 gente
294 1040 392 1072 tunc
417 1037 611 1085 temporis
646 1034 816 1073 Saberct
840 1049 965 1091 nepos
990 1036 1256 1081 Aedilbercti,
1279 1049 1330 1074 ex

139 1108 274 1133 sorore
291 1093 431 1131 Rieula
446 1095 661 1144 regnabat,
673 1097 856 1145 quamvis
867 1088 943 1132 sub
956 1099 1164 1145 potestate
1177 1097 1330 1145 positus

140 1153 322 1192 eiusdem
346 1152 612 1197 Aedilbercti‚
638 1155 705 1203 qui
732 1154 932 1198 omnibus,
959 1158 1005 1190 ut
1029 1167 1149 1204 supra
1175 1154 1330 1192 dictum

140 1216 217 1256 est,
234 1225 360 1262 usque
377 1211 427 1249 ad
443 1214 662 1249 terminum
678 1211 715 1248 H
722 1213 886 1250 umbrae
902 1211 1090 1257 fluminis,
1105 1212 1331 1264 Anglorum

139 1272 330 1323 gentibus
366 1271 607 1321 imperabat.
663 1271 745 1309 Ubi
781 1285 874 1309 vero
911 1276 955 1309 et
990 1270 1090 1310 haee
1125 1274 1331 1322 provincia

141 1331 308 1369 verbum
337 1332 520 1368 veritatis
549 1330 811 1380 praedicante
843 1330 1004 1368 Mellito
1033 1333 1205 1381 accepit,
1231 1330 1332 1369 fecit

140 1403 212 1428 rex
232 1388 470 1427 Aedilberct
489 1391 529 1425 in
550 1391 715 1427 civitate
738 1388 951 1426 Lundonia
971 1388 1182 1427 ecclesiam
1201 1391 1330 1428 saneti

141 1446 254 1485 Pauli
274 1446 460 1497 apostoli,
480 1449 520 1484 in
541 1460 622 1498 qua
639 1446 771 1485 locum
791 1448 897 1486 sedis
924 1447 1161 1498 episcopalis
1181 1453 1225 1487 et
1244 1451 1330 1499 ipse

142 1512 185 1546 et
210 1520 458 1545 successores
486 1509 571 1545 eius
599 1506 811 1563 haberent.
867 1507 1026 1545 Iustum
1054 1521 1147 1546 vero
1174 1510 1215 1545 in
1241 1511 1331 1558 ipsa

142 1566 287 1604 Cantia
315 1566 569 1616 Augustinus
600 1561 832 1615 episcopum
862 1579 906 1603 or
909 1566 1063 1603 dinavit
1092 1568 1134 1603 in
1163 1569 1330 1605 civitate

140 1625 227 1662 Dor
230 1625 384 1668 ubrevi‚
398 1637 519 1674 quam
533 1638 634 1675 gens
649 1625 725 1661 Αη(
717 1624 872 1675 glorum
887 1638 910 1662 a
923 1627 1112 1675 primario
1127 1626 1331 1676 quondam

142 1683 245 1721 illius
259 1685 326 1734 qui
341 1683 676 1728 dicebaturHrof‚
690 1656 1046 1722 Ilrofaescaestrae
1058 1687 1328 1735 cognominat.

141 1742 281 1780 Distat
308 1746 447 1779 autem
476 1755 499 1779 a
524 1741 752 1780 Doruverni
780 1742 954 1780 millibus
981 1756 1171 1792 passuum
1200 1743 1328 1782 ferme

143 1803 283 1852 viginti
303 1805 477 1851 quatuor
495 1801 546 1839 ad
563 1802 830 1845 occidentem,
848 1804 888 1839 in
907 1815 987 1852 qua
1004 1816 1075 1840 rex
1092 1802 1330 1841 Aedilberct

144 1860 353 1899 ecclesiam
386 1861 495 1898 beati
530 1861 720 1899 Andreae
753 1860 923 1910 apostoli
957 1861 1068 1905 fecit,
1102 1864 1168 1911 qui
1204 1864 1329 1900 etiam

143 1921 338 1969 episcopis
359 1921 568 1969 utriusque
589 1918 704 1956 huius
726 1918 918 1957 ecclesiae
938 1919 1044 1956 dona
1062 1918 1206 1964 multa,
1224 1922 1329 1960 sicut

143 1982 187 2015 et
228 1977 563 2023 Doruvernensis,
606 1977 777 2016 obtulit:
834 1977 907 2016 sed
950 1981 994 2017 et.
1036 1980 1240 2016 territoria
1281 1991 1328 2017 ae

142 2062 214 2097 214
