1473 2322
452 184 563 222 THE
599 183 927 221 VENERABLE
963 183 1109 221 BEDE

190 287 388 322 montium
409 287 512 335 iugis
535 286 585 322 ab
608 285 846 323 australibus
869 299 1006 324 eorum
1027 291 1122 323 sunt
1142 286 1371 336 regionibus

191 344 481 388 sequestratae.
537 338 721 389 Namque
742 342 816 389 ipsi
837 339 1030 377 australes
1047 338 1163 383 Picti,
1182 341 1251 389 qui
1265 341 1372 376 intra

192 392 354 428 eosdem
371 398 530 429 montes
548 391 700 430 habent
718 393 848 436 sedes,
865 392 993 429 multo
1012 398 1106 429 ante
1124 398 1307 442 tempore
1325 397 1372 429 ut

191 444 418 493 perhibent,
446 444 587 482 relicto
622 459 755 483 errore
789 445 1014 489 idolatriae,
1043 445 1163 482 fidem
1191 447 1372 483 veritatis

192 503 444 547 acceperant,
470 498 730 547 praedicante
757 501 814 535 eis
840 500 1007 536 verbum
1034 498 1167 548 Nynia
1187 501 1371 548 episcopo

191 553 512 588 reverentissimo
564 557 607 589 et
656 553 904 588 sanctissimo
955 553 1051 595 viro,
1102 552 1153 589 de
1208 554 1372 589 natione

190 604 444 649 Brettonum‚
478 606 546 653 qui
584 610 672 642 erat
711 604 862 641 Romae
891 604 1130 654 regulariter
1169 603 1290 642 fidem
1329 610 1372 642 et

190 660 383 707 mysteria
399 659 580 695 veritatis
599 657 787 701 edoctus3
818 660 930 694 cuius
947 658 1085 695 sedem
1105 657 1371 707 episcopalem

190 713 319 748 sancti
341 709 509 747 Martini
531 713 705 760 episcopi
726 713 887 748 nomine
909 716 953 749 et
973 710 1140 748 ecclesia
1160 713 1372 761 insignem,

191 765 260 801 ubi
292 766 378 813 ipse
414 767 538 801 etiam
573 777 737 814 corpore
772 777 853 801 una
885 776 978 800 cum
1011 763 1190 814 pluribus
1225 767 1372 801 sanctis

190 819 420 867 requiescit,
447 819 527 853 iam
555 830 661 854 nunc
689 817 912 866 Anglorum
940 829 1040 866 gens
1067 817 1238 854 obtinet.
1294 816 1372 863 Qui

189 870 313 915 locus,
344 871 395 907 ad
425 872 669 919 provinciam
699 870 971 907 Berniciorum
1001 872 1222 920 pertinens,
1253 870 1372 920 vulgo

190 929 355 960 vocatur
376 924 442 961 Ad
463 923 685 961 Candidam
708 923 865 968 Casam,
887 937 935 961 eo
958 923 1066 974 quod
1085 924 1140 961 ibi
1163 923 1372 962 ecclesiam

191 978 241 1014 de
260 977 408 1026 lapide,
427 976 586 1014 insolito
605 976 864 1014 Brettonibus
883 990 994 1015 more
1013 976 1168 1014 fecerit.

241 1030 363 1068 Venit
383 1036 521 1067 autem
540 1029 781 1067 Brittaniam
802 1029 1010 1075 Columba,
1030 1035 1229 1080 regnante
1251 1029 1372 1067 Pictis

190 1084 324 1121 Bridio
345 1083 423 1120 filio
446 1082 689 1129 Meilochon,
711 1097 807 1130 rege
827 1086 1121 1133 potentissimo,
1140 1097 1246 1121 nono
1266 1096 1371 1121 anno

190 1140 304 1186 regni
337 1140 434 1181 eius,
465 1142 713 1187 gentemque
742 1137 852 1174 illam
879 1138 996 1175 verbo
1029 1142 1072 1175 et
1103 1136 1289 1187 exemplo
1320 1136 1372 1174 ad

191 1191 311 1228 fidem
328 1190 475 1228 Christi
497 1193 717 1228 convertit:
751 1191 858 1228 unde
883 1196 926 1229 et
947 1190 1174 1240 praefatam
1201 1190 1372 1228 insulam

193 1245 244 1281 ab
270 1246 326 1282 eis
353 1247 394 1281 in
422 1246 712 1293 possessionem
740 1247 973 1282 monasterii
1001 1243 1174 1282 faciendi
1203 1246 1370 1294 accepit.

190 1297 334 1347 Neque
347 1300 454 1335 enim
466 1310 615 1347 magna
628 1303 703 1342 est,
717 1298 789 1335 sed
801 1300 914 1348 quasi
927 1297 1167 1335 familiarum
1181 1299 1371 1348 quinque,

190 1353 304 1388 iuxta
333 1353 656 1389 aestimationem
693 1350 938 1400 Anglorum3
978 1364 1098 1401 quam
1126 1363 1370 1388 successores

192 1407 276 1441 eius
293 1417 419 1455 usque
435 1404 554 1442 hodie
569 1409 728 1448 tenent,
745 1405 813 1442 ubi
830 1410 873 1442 et
888 1407 973 1455 ipse
989 1404 1172 1454 sepultus
1189 1409 1264 1449 est,
1280 1417 1370 1441 cum

190 1462 298 1495 esset
341 1471 535 1495 annorum
579 1460 839 1508 septuaginta
882 1463 1056 1508 septem,
1100 1462 1193 1507 post
1247 1469 1370 1495 annos

191 1513 347 1548 circiter
365 1514 533 1561 triginta
554 1517 596 1549 et
616 1512 715 1548 duos
731 1525 781 1549 ex
798 1525 876 1561 quo
896 1514 982 1561 ipse
1007 1511 1230 1548 Brittaniae
1255 1523 1370 1561 prae-

191 1565 393 1602 dicaturus
433 1565 544 1602 adiit.
598 1564 768 1603 Fecerat
807 1570 958 1609 autem,
997 1567 1229 1614 priusquam
1267 1563 1371 1601 Brit-

191 1620 358 1655 tianiam
391 1620 561 1662 veniret,
594 1621 883 1656 monasterium
917 1617 1050 1655 nobile
1084 1620 1126 1655 in
1160 1617 1370 1662 Hibernia,

192 1672 299 1720 quod
323 1684 346 1708 a
369 1674 483 1721 copia
505 1672 692 1709 roborum
717 1670 945 1709 Dearmach
966 1670 1105 1721 lingua
1128 1669 1372 1715 Scottorum,

191 1724 266 1761 hoc
305 1729 380 1769 est,
409 1738 573 1774 campus
600 1726 801 1769 roborum,
829 1726 1146 1773 cognominatur.
1200 1723 1263 1760 Ex
1291 1737 1371 1774 quo

192 1783 362 1827 utroque
390 1780 633 1816 monasterio
659 1778 832 1828 plurima
859 1777 1004 1815 exinde
1030 1779 1275 1814 monasteria
1298 1790 1372 1826 per

312 1956 325 1974 1
349 1956 528 1986 Whithern
542 1957 578 1987 in
594 1955 780 1998 Galloway.

313 1998 324 2016 ²
348 1998 397 2029 Cf.
415 2009 447 2033 n.
467 1998 540 2029 109.

310 2041 323 2059 ³
346 2041 434 2075 Irish
451 2039 643 2082 Dairmaff,
662 2049 738 2072 now
754 2040 893 2074 Darrow
908 2040 944 2071 in
961 2038 1082 2082 King’s
1099 2039 1246 2082 Gounty.

192 2111 263 2150 340
