1473 2322
460 167 571 205 THE
608 167 938 205 VENERABLE
974 167 1120 205 BEDE

664 301 781 340 CAP.
818 302 914 339 XIV

205 388 254 426 Ut
271 387 445 440 defuncto
464 387 637 433 Paulino,
657 387 826 424 Ithamar
839 401 910 438 pro
929 400 970 425 eo
989 386 1194 439 Hrofensis
1213 388 1384 426 ecclesiae

293 442 548 492 praesulatum
579 441 776 492 susceperit
791 457 809 484 ,·
855 446 888 478 et
918 441 963 478 de
993 441 1196 479 humilitate
1225 441 1384 480 mirabili

297 495 396 546 regis
409 495 555 541 Osuiui,
567 495 631 546 qui
643 495 689 532 ab
702 494 820 533 Osuiu
832 494 970 532 crudeli
981 495 1091 532 caede
1097 501 1307 547 peremptus
1318 502 1381 533 est.

246 581 479 618 TRANSLATO
508 595 604 631 ergo
632 581 684 618 ad
711 580 902 618 caelestia
927 594 1054 631 regna
1082 581 1274 626 Osualdo,
1301 595 1384 619 sus-

197 638 306 686 cepit
323 638 438 685 regni
456 637 657 673 terrestris
677 635 816 673 sedem
834 648 906 685 pro
926 648 974 672 eo
993 635 1119 672 frater
1139 638 1223 673 eius
1243 635 1383 681 Osuiu,

197 692 350 727 iuvenis
367 692 536 739 triginta
552 691 709 727 circiter
726 702 935 733 annorum,
953 694 995 726 et
1012 702 1084 738 per
1101 702 1225 726 annos
1242 692 1384 740 viginti

198 749 288 780 octo
304 743 611 781 laboriosissime
627 745 776 788 tenuit,
791 745 1052 792 impugnatus
1069 742 1256 781 videlicet
1273 749 1316 781 et
1333 744 1383 781 ab

198 810 246 834 ea
272 810 377 847 quae
402 796 570 835 fratrem
597 799 682 834 eius
708 797 911 834 occiderat
936 809 1096 846 pagana
1121 802 1246 846 gente
1274 797 1384 835 Mer-

197 854 362 896 ciorum,
380 856 424 888 et
452 864 476 888 a
504 850 584 888 filio
612 863 773 900 quoque
797 863 868 887 suo
886 849 1108 895 Alchfrido,
1125 863 1281 888 necnon
1300 856 1343 889 et
1361 865 1385 888 a

197 904 364 949 fratruo,
384 904 426 942 id
446 910 523 950 est,
543 904 678 942 fratris
697 906 758 941 sui
779 906 848 954 qui
869 908 964 942 ante
986 917 1079 942 eum
1098 907 1284 954 regnavit
1304 903 1383 942 filio

198 957 438 996 Oidilualdo.

248 1011 369 1049 Cuius
410 1024 515 1049 anno
554 1011 745 1056 secundo,
785 1009 859 1048 hoc
900 1016 977 1055 est,
1018 1011 1069 1048 ab
1108 1013 1383 1050 incarnatione

197 1066 409 1103 Dominica
436 1078 540 1102 anno
567 1067 862 1103 sexcentesimo
890 1064 1198 1115 quadragesimo
1225 1071 1383 1115 quarto,

196 1122 542 1158 reverentissimus
580 1124 698 1169 pater
736 1118 940 1164 Paulinus,
977 1119 1181 1168 quondam
1219 1120 1383 1169 quidem

196 1174 476 1218 Eburacensis,
502 1173 575 1211 sed
601 1179 698 1210 tunc
725 1172 933 1210 Hrofensis
961 1175 1170 1222 episcopus
1195 1175 1383 1218 civitatis,

195 1230 382 1265 transivit
404 1227 456 1264 ad
477 1226 699 1264 Dominum
722 1232 839 1264 sexto
863 1226 1010 1263 Iduum
1033 1226 1271 1264 Octobrium
1294 1227 1382 1265 die:

196 1284 265 1332 qui
283 1282 425 1319 decem
444 1286 487 1319 et
505 1294 650 1318 novem
670 1294 808 1325 annos,
825 1294 985 1318 menses
1005 1280 1118 1326 duos,
1136 1280 1222 1318 dies
1240 1283 1383 1331 viginti

196 1349 320 1372 unum
341 1337 618 1385 episcopatum
638 1337 794 1378 tenuit3
829 1333 1092 1384 sepultusque
1113 1340 1176 1372 est
1194 1337 1235 1371 in
1255 1348 1383 1373 secre-

195 1392 298 1427 tario
320 1390 431 1427 beati
455 1388 626 1439 apostoli
647 1388 851 1433 Andreae,
875 1388 984 1438 quod
1005 1401 1077 1426 rex
1099 1388 1337 1426 Aedilberct
1359 1402 1382 1426 a

194 1443 469 1480 fundamentis
516 1445 556 1479 in
604 1442 748 1479 eadem
796 1442 909 1479 Hrofi
944 1444 1108 1479 civitate
1144 1444 1380 1480 construxit.

196 1497 243 1534 In
277 1499 388 1534 cuius
422 1496 554 1534 locum
590 1495 790 1533 Honorius
826 1495 1145 1545 archiepiscopus
1180 1496 1381 1534 ordinavit

196 1550 390 1596 Ithamar,
413 1550 626 1588 oriundum
650 1550 813 1599 quidem
837 1550 888 1587 de
911 1555 1036 1599 gente
1060 1549 1382 1595 Cantuariorum,

194 1605 265 1643 sed
281 1607 363 1645 vita
379 1610 422 1643 et
437 1604 663 1642 eruditione
680 1605 999 1641 antecessoribus
1015 1606 1094 1641 suis
1111 1603 1380 1653 aequandum.

244 1658 401 1696 Habuit
427 1663 565 1695 autem
592 1657 719 1696 Osuiu
744 1660 881 1707 primis
906 1660 1021 1707 regni
1046 1659 1106 1695 sui
1131 1658 1381 1707 temporibus

193 1718 420 1750 consortem
459 1714 595 1761 regiae
636 1712 861 1761 dignitatis,
900 1711 1093 1748 vocabulo
1134 1711 1289 1756 Osuini,
1329 1712 1380 1750 de

193 1769 318 1816 stirpe
346 1768 452 1815 regis
482 1766 672 1810 Aeduini,
695 1765 770 1803 hoc
800 1770 876 1810 est,
901 1765 1024 1802 filium
1055 1765 1195 1810 Osrici‚
1219 1765 1269 1803 de
1299 1778 1378 1815 quo

193 1834 313 1871 supra
329 1819 555 1865 retulimus,
573 1822 701 1856 virum
721 1821 893 1857 eximiae
912 1821 1076 1869 pietatis
1097 1824 1139 1857 et
1156 1818 1380 1869 religionis:

236 1964 247 1982 ¹
272 1964 331 1996 Set
347 1974 394 2003 up
410 1963 457 2004 by
473 1963 588 1994 Penda
606 1963 641 1994 in
656 1962 759 1994 Deire,
775 1962 865 1995 after
884 1961 1029 1993 Oswin's
1044 1961 1161 2001 death,
1178 1961 1206 1994 it
1224 1972 1342 1995 seems.

236 2008 247 2024 ²
271 2007 342 2037 The
359 2006 433 2037 first
449 2006 568 2037 native
584 2005 718 2046 bishop.

235 2049 248 2067 ³
273 2049 363 2080 First
380 2049 496 2080 cousin
514 2058 596 2080 once
612 2047 786 2082 removed.

191 2123 260 2158 392
