1473 2322
381 118 494 157 THE
530 118 862 157 VENERABLE
898 119 1046 157 BEDE

119 221 286 259 Basilius
311 220 424 270 dicit)
449 220 645 259 fervidam
671 221 911 272 qualitatem
935 224 1092 272 recipit,
1116 236 1207 260 cum
1231 235 1304 272 per

119 280 231 312 certa
258 275 459 325 quaedam
487 275 653 312 metalla
678 277 928 319 transcurrit,
948 281 992 313 et
1011 275 1058 313 fit
1075 289 1156 313 non
1175 276 1304 313 solum

119 328 260 373 calida,
275 328 348 365 sed
364 334 408 365 et
423 328 580 365 ardens.
634 327 750 375 Quae
768 330 892 365 etiam
908 331 1019 366 venis
1034 328 1304 374 metallorum,

120 384 236 425 aeris,
255 381 364 425 ferri,
385 387 428 418 et
454 381 607 431 plumbi
634 387 678 419 et
704 384 862 432 argenti
889 380 1077 427 fecunda,
1102 384 1235 433 gignit
1261 389 1305 419 et

119 434 294 484 lapidem
311 440 502 485 gagatem
520 434 736 484 plurimum
752 437 1055 485 optimumque:
1086 441 1150 473 est
1165 441 1305 473 autem

118 491 443 539 nigrogemmeus
484 493 528 525 et
568 488 713 526 ardens
752 490 836 536 igni
877 489 1079 533 admotus,
1120 491 1304 527 incensus

118 547 328 591 serpentes
352 541 484 592 fugat,
509 541 661 579 adtritu
687 541 906 579 calefactus
931 542 1122 592 adplicita
1146 542 1306 580 detinet

120 608 249 644 aeque
282 600 329 632 ut
359 597 576 632 succinum.
631 595 732 633 Erat
764 601 808 633 et
838 596 1068 633 civitatibus
1101 596 1304 646 quondam

120 650 260 699 viginti
282 654 326 686 et
346 654 437 686 octo
459 648 711 686 nobilissimis
732 650 937 700 insignita,
957 655 1121 698 praeter
1140 649 1305 687 castella

120 705 342 746 innumera,
373 715 478 752 quae
509 707 553 739 et
582 704 670 751 ipsa
699 704 836 747 muris,
867 703 1057 748 turribus,
1087 705 1227 752 portis,
1258 716 1305 740 ac

119 757 216 792 seris
235 761 351 792 erant
369 757 566 792 instructa
585 755 829 793 firmissimis.

168 809 224 846 Et
239 811 333 859 quia
348 821 473 858 prope
488 809 562 846 sub
578 811 664 858 ipso
679 809 985 858 septentrionali
1000 811 1150 847 vertice
1165 809 1305 848 mundi

122 864 240 906 iacet,
254 862 405 899 lucidas
419 868 576 899 aestate
590 868 728 899 noctes
741 862 867 900 habet
879 874 889 906 ;
908 865 967 900 ita
978 868 1025 900 ut
1036 863 1170 900 medio
1182 876 1304 913 saepe

119 921 302 965 tempore
332 918 460 953 noctis
490 918 531 952 in
562 918 841 966 quaestionem
872 918 1009 954 veniat
1037 917 1304 961 intuentibus,

120 975 254 1006 utrum
283 969 561 1018 crepusculum
591 969 722 1006 adhuc
750 975 989 1019 permaneat
1017 972 1306 1020 vespertinum,

120 1036 171 1059 an
197 1025 277 1059 iam
303 1023 515 1060 advenerit
539 1025 801 1067 matutinum,
827 1028 972 1072 utpote
997 1029 1194 1061 nocturno
1219 1023 1302 1061 sole

120 1089 199 1114 non
247 1076 366 1127 longe
404 1076 480 1113 sub
518 1078 634 1114 terris
673 1076 725 1113 ad
763 1078 961 1114 orientem
1003 1076 1184 1114 boreales
1233 1090 1306 1127 per

120 1129 258 1180 plagas
286 1130 508 1167 redeunte:
537 1130 645 1167 unde
675 1132 799 1167 etiam
827 1129 1023 1180 plurimae
1044 1130 1305 1181 longitudinis

120 1183 244 1221 habet
267 1183 352 1221 dies
375 1189 548 1228 aestate,
570 1186 675 1221 sicut
697 1188 741 1221 et
762 1189 901 1221 noctes
923 1189 1064 1221 contra
1085 1186 1126 1220 in
1148 1185 1304 1229 bruma,

118 1236 200 1274 sole
228 1239 416 1274 nimirum
443 1242 541 1274 tunc
569 1236 742 1288 Lybicas
769 1239 811 1274 in
839 1243 975 1287 partes
1003 1237 1236 1282 secedente,
1263 1238 1304 1275 id

119 1296 196 1335 est,
210 1289 397 1328 horarum
412 1290 553 1328 decem
570 1296 613 1328 et
626 1296 740 1328 octo:
768 1290 965 1340 plurimae
979 1293 1079 1328 item
1095 1291 1304 1329 brevitatis

119 1349 257 1381 noctes
282 1349 440 1381 aestate
465 1349 508 1381 et
531 1344 617 1381 dies
640 1343 767 1381 habet
789 1346 831 1381 in
854 1344 1010 1389 bruma,
1033 1343 1108 1382 hoc
1133 1350 1209 1389 est,
1232 1357 1304 1382 sex

119 1397 367 1436 solummodo
430 1397 784 1448 aequinoctialium
845 1396 1056 1435 horarum:
1119 1411 1210 1436 cum
1259 1401 1301 1435 in

120 1451 326 1496 Armenia,
365 1450 621 1496 Macedonia,
660 1451 793 1496 Italia,
842 1453 1071 1502 ceterisque
1120 1452 1302 1490 eiusdem

120 1504 248 1542 lineae
264 1505 494 1556 regionibus
509 1505 740 1555 longissima
756 1505 841 1542 dies
856 1507 939 1543 sive
959 1518 1038 1543 nox
1059 1505 1302 1555 quindecim,

119 1559 352 1596 brevissima
372 1571 516 1595 novem
538 1558 741 1608 compleat
762 1557 890 1596 horas.

161 1693 174 1713 ¹
197 1692 239 1724 In
256 1692 316 1724 the
328 1691 550 1730 Hemmeron,
563 1692 663 1724 Hom.
681 1693 728 1724 iv.
748 1693 780 1730 6,
798 1702 818 1723 a
835 1693 978 1725 treatise
995 1703 1041 1725 on
1058 1693 1118 1725 the
1134 1693 1188 1725 six
1204 1693 1301 1735 days'

118 1735 210 1767 work
226 1735 262 1767 of
276 1734 448 1767 Creation.

160 1778 174 1798 ²
196 1778 269 1809 The
293 1778 431 1809 Roman
454 1780 565 1809 towns
597 1776 681 1809 such
712 1787 752 1809 as
783 1777 993 1815 Eboracum,
1016 1777 1302 1815 Camalodunum‚

117 1821 227 1857 Deva,
238 1824 304 1852 eto.
350 1820 543 1861 According
554 1823 592 1851 to
604 1820 738 1856 Caesar,
750 1819 789 1852 de
800 1820 883 1852 Bell.
897 1821 982 1852 Gall.
995 1831 1028 1852 v.
1040 1822 1078 1852 21
1097 1832 1105 1852 ε
1131 1821 1303 1861 Oppidum

120 1863 277 1894 Britanni
287 1868 401 1894 vocant
411 1873 486 1895 cum
497 1864 599 1895 silvas
610 1862 788 1903 impeditas
799 1863 883 1894 vallo
893 1863 1087 1904 alquefossa
1099 1874 1177 1894 mun
1183 1864 1301 1896 ierunt.

161 1907 174 1924 ³²
197 1906 363 1947 Literally
382 1905 473 1937 bolla.

146 1948 182 2022 ὦ
195 1948 308 1989 Equal
332 1949 448 1986 houm,
470 1950 534 1980 not
556 1947 617 1979 the
641 1950 839 1991 temporary
862 1947 966 1980 hours
991 1947 1027 1980 of
1053 1947 1114 1979 the
1136 1948 1299 1985 sun-dial,

117 2001 143 2020 w
172 1990 226 2023 ‘ch
242 2001 338 2032 vary.

126 2064 168 2097 14
