1473 2322
469 147 581 184 THE
617 146 947 184 VENERABLE
982 147 1129 184 BEDE

210 250 336 296 Aelia,
364 251 613 300 dignumque
640 248 733 295 fuit,
760 255 807 287 ut
835 254 974 287 tantus
1006 262 1237 300 praecessor
1269 249 1393 287 talem

211 309 379 346 haberet
396 309 446 346 de
464 322 537 346 sua
553 312 904 359 consanguinitate
922 314 965 348 et
981 309 1183 359 religionis
1200 309 1393 347 heredem

209 375 252 406 et
268 371 397 418 regni.

683 553 800 591 CAP.
839 554 916 590 VII

214 647 264 685 Ut
304 646 497 698 provincia
544 646 832 685 occidentalium
880 647 1067 683 S'cwsonnm
1113 646 1259 683 verbum
1306 646 1394 691 Dei,

303 707 543 758 praedicante
568 706 714 751 Birino,
739 706 938 756 susceperit
953 722 969 749 ‚·
998 711 1032 743 et
1058 705 1103 742 de
1127 705 1395 744 successoribus

308 766 387 804 eius
405 766 613 818 Agilbercto
632 771 665 803 et
682 765 888 803 Leutlzerio.

258 860 318 897 Eo
356 865 541 909 tempore
580 872 679 909 gens
719 858 1044 896 Occidentalium
1084 858 1288 896 Saxonum
1327 863 1395 910 qui

208 922 431 970 antiquitus
461 919 652 957 Gevissae
675 920 937 964 vocabantur,
955 924 1154 968 regnante
1181 919 1396 970 Cynegilso

208 980 328 1018 fidem
343 979 490 1016 Christi
503 981 693 1029 suscepit,
705 979 967 1028 praedicante
984 978 1060 1015 illis
1078 979 1245 1016 verbum
1262 978 1396 1016 Birino

208 1043 409 1090 episcopo,
438 1041 506 1089 qui
542 1052 634 1075 cum
669 1037 832 1075 consilio
860 1051 991 1088 papae
1026 1038 1193 1075 Honorii
1229 1044 1397 1077 venerat

207 1099 463 1144 Brittaniam,
489 1101 730 1149 promittens
757 1097 922 1148 quidem
948 1110 991 1135 se
1017 1097 1085 1135 illo
1111 1103 1326 1148 praesente
1355 1101 1396 1135 in

207 1162 358 1196 intimis
387 1158 494 1195 ultra
521 1157 747 1207 Anglorum
775 1158 958 1207 partibus
988 1170 1067 1207 quo
1096 1157 1228 1195 nullus
1257 1158 1398 1196 doctor

207 1220 505 1269 praecessisset,
534 1223 697 1255 sanctae
727 1217 821 1255 fidei
849 1219 1003 1254 semina
1039 1230 1126 1255 esse
1154 1231 1395 1267 sparsurum.

209 1278 329 1316 Unde
370 1283 413 1316 et
452 1280 562 1315 iussu
603 1277 784 1315 eiusdem
824 1276 1037 1326 pontificis,
1077 1290 1150 1326 per
1189 1278 1396 1315 Asterium

208 1338 467 1376 Genuensem
484 1339 716 1387 episcopum
731 1338 772 1373 in
788 1338 1041 1386 episcopatus
1057 1342 1312 1374 consecratus
1335 1342 1397 1374 est

207 1397 390 1447 gradum.
445 1395 525 1434 Sed
564 1395 805 1432 Brittaniam
845 1398 1097 1445 perveniens,
1138 1408 1184 1432 ac
1222 1398 1396 1445 primum

208 1457 465 1494 Gevissorum
489 1461 656 1505 gentem
684 1455 929 1505 ingrediens,
957 1467 1049 1492 cum
1077 1468 1216 1493 omnes
1245 1456 1394 1493 ibidem

207 1518 496 1567 paganissimos
534 1517 748 1560 inveniret,
787 1514 923 1551 utilius
963 1528 1051 1552 esse
1089 1520 1200 1552 ratus
1240 1521 1303 1552 est
1341 1516 1396 1552 ibi

207 1578 341 1627 potius
371 1575 538 1613 verbum
562 1574 809 1624 praedicare,
833 1587 955 1624 quam
985 1573 1091 1611 ultra
1120 1575 1395 1624 progrediens,

210 1649 276 1674 eos
296 1636 439 1686 quibus
458 1634 691 1684 praedicare
711 1634 895 1678 deberet,
914 1635 1127 1684 inquirere.
1163 1674 1167 1677 ⁷

260 1695 406 1745 Itaque
424 1693 728 1746 evangelizante
745 1692 812 1730 illo
829 1695 869 1730 in
882 1693 1067 1743 praefata
1079 1695 1394 1743 provincia‚eum

208 1768 279 1793 rex
300 1757 386 1805 ipse
408 1753 694 1798 catechizatus,
716 1752 829 1790 fonte
850 1753 1041 1802 baptismi
1063 1767 1154 1790 cum
1176 1766 1248 1790 sua
1268 1758 1394 1803 gente

209 1819 454 1864 ablueretur,
482 1821 653 1869 contigit
680 1824 777 1856 tunc
805 1821 998 1868 temporis
1026 1821 1320 1856 sanctissimum
1349 1832 1395 1856 ac

208 1887 572 1923 victoriosissimum
581 1898 721 1935 regem
734 1883 1158 1935 Nordanhymbrorum
1172 1884 1392 1923 Osualdum

373 2007 387 2027 ²
410 2006 624 2048 Archbishop
640 2006 675 2038 of
690 2005 795 2038 Milan
812 2006 876 2038 but
891 2006 1023 2038 resided
1039 2009 1078 2038 at
1094 2006 1223 2039 Genua.

207 2078 279 2116 354
1106 2082 1109 2084 '
