1473 2322
471 155 582 192 THE
618 155 947 192 VENERABLE
982 156 1130 194 BEDE

259 257 349 304 Quo
361 256 428 296 ille
442 259 538 302 viso,
552 263 599 295 ut
613 260 670 295 vir
683 260 836 308 sagacis
850 260 1015 309 ingenii,
1028 258 1230 297 intellexit
1245 258 1393 310 aliquid

208 322 333 357 mirae
363 322 589 356 sanctitatis
620 319 712 357 huic
741 319 827 358 loco
858 334 937 371 quo
969 334 1095 370 equus
1127 327 1189 358 est
1218 326 1394 366 curatus,

208 384 362 425 inesse3
400 386 443 418 et
464 383 595 430 posito
620 382 676 418 ibi
697 383 825 431 signo,
847 395 928 419 non
949 382 1077 420 multo
1099 388 1191 433 post
1213 383 1394 420 ascendit

209 455 373 493 equum,
386 448 509 493 atque
525 443 576 480 ad
587 442 807 493 hospitium
821 457 900 494 quo
913 450 1191 494 proposuerat,
1206 446 1372 482 accessit
1385 458 1393 481 :

209 518 288 554 quo
324 505 421 542 dum
458 504 682 550 adveniret,
718 507 872 542 invenit
908 505 1085 556 puellam
1121 506 1190 551 ibi,
1226 511 1393 556 neptem

207 568 332 616 patris
350 565 535 611 familias,
557 565 678 617 longo
702 566 895 617 paralysis
918 568 1058 605 morbo
1081 573 1314 618 gravatam:
1352 574 1395 606 et

208 641 299 665 cum
327 627 542 666 familiares
573 628 714 666 domus
748 627 853 666 illius
883 629 934 667 de
964 630 1109 667 acerba
1143 629 1303 680 puellae
1336 632 1394 667 in-

208 690 399 727 firmitate
428 692 514 740 ipso
543 696 758 740 praesente
789 696 1068 741 quererentur,
1097 694 1232 741 coepit
1261 692 1393 730 dicere

207 751 272 789 ille
300 752 351 789 de
378 751 465 789 loco
494 752 563 789 ubi
591 751 768 789 caballus
797 766 890 790 suus
921 758 1029 790 esset
1057 758 1231 790 curatus.
1286 753 1394 800 Quid

206 812 361 851 multa?
394 815 650 863 imponentes
671 827 761 851 eam
787 827 912 859 carro,
933 814 1138 852 duxerunt
1168 815 1220 852 ad
1248 813 1394 857 locum,

206 876 438 925 ibidemque
482 876 770 925 deposuerunt.
824 876 883 913 At
925 875 993 913 illa
1035 879 1168 926 posita
1209 879 1251 913 in
1293 876 1393 922 loco,

206 934 447 971 obdormivit
469 947 707 984 parumper3
746 940 788 972 et
811 935 879 972 ubi
903 934 1120 984 evigilavit,
1143 941 1328 973 sanatam
1350 950 1392 974 se

207 997 258 1033 ab
274 995 343 1033 illa
361 998 535 1045 corporis
555 995 816 1034 dissolutione
836 999 1030 1042 sentiens,
1050 997 1255 1046 postulata
1274 1011 1393 1048 aqua,

206 1061 293 1108 ipsa
336 1057 435 1094 lavit
478 1057 638 1102 faciem,
673 1060 801 1096 crines
837 1061 1075 1108 composuit,
1110 1065 1233 1108 caput
1266 1059 1392 1098 linteo

206 1121 427 1169 cooperuit,
443 1124 486 1156 et
500 1132 591 1156 cum
607 1118 667 1155 his
684 1122 752 1170 qui
767 1133 810 1158 se
827 1119 1095 1165 adduxerant,
1111 1133 1208 1157 sana
1221 1121 1391 1171 pedibus

207 1180 428 1218 incedendo
453 1193 613 1218 reversa
639 1185 714 1218 est.

703 1399 819 1437 CAP.
856 1399 893 1436 X

371 1486 420 1523 Ut
434 1485 559 1537 pulvis
579 1485 648 1522 loci
666 1485 769 1523 illius
786 1491 913 1523 contra
931 1485 1051 1536 ignem
1070 1485 1236 1523 valuerit.

254 1565 401 1603 EODEM
437 1572 620 1615 tempore
657 1569 767 1603 venit
803 1565 902 1603 alius
938 1566 1103 1616 quidam
1138 1566 1189 1604 de
1224 1568 1389 1604 natione

202 1627 458 1672 Brettonum,
478 1633 523 1664 ut
541 1627 692 1672 ferunt,
710 1630 789 1665 iter
806 1627 956 1665 faciens
975 1629 1090 1665 iuxta
1107 1630 1239 1678 ipsum
1255 1627 1389 1666 locum

202 1692 243 1726 in
263 1702 342 1739 quo
362 1688 548 1738 praefata
568 1694 656 1726 erat
675 1702 813 1739 pugna
832 1688 1056 1738 completa3
1091 1694 1134 1726 et
1153 1689 1254 1726 vidit
1273 1691 1389 1726 unius

200 1750 276 1788 loci
312 1753 489 1800 spatium
525 1756 662 1788 cetero
698 1763 840 1801 campo
878 1751 1039 1788 viridius
1076 1763 1123 1788 ac
1159 1753 1388 1788 venustius:

201 1815 417 1863 coepitque
434 1815 568 1862 sagaci
586 1815 718 1849 animo
735 1815 917 1850 conicere
936 1813 1044 1863 quod
1060 1812 1169 1850 nulla
1187 1818 1295 1851 esset
1312 1812 1389 1850 alia

201 1888 321 1912 causa
338 1874 523 1912 insolitae
541 1874 607 1911 illo
626 1877 666 1911 in
683 1873 770 1912 loco
788 1875 1015 1919 viriditatis,
1034 1877 1108 1911 nisi
1127 1877 1220 1925 quia
1238 1875 1387 1912 ibidem

202 1939 375 1974 sanctior
391 1942 526 1974 cetero
545 1939 726 1974 exercitu
744 1939 801 1973 vir
818 1935 959 1986 aliquis
977 1935 1119 1974 fuisset
1136 1936 1386 1974 interfectus.

461 2034 472 2053 ยน
495 2034 566 2065 The
582 2033 675 2066 hood
691 2044 784 2066 worn
800 2034 847 2075 by
863 2034 977 2066 Saxon
993 2045 1136 2066 women.

202 2091 270 2128 372
