1473 2322
439 119 550 157 THE
588 120 918 158 VENERABLE
954 121 1102 159 BEDE

182 222 275 260 fidei
291 222 502 267 dederant,
518 225 678 260 nomine
696 223 940 268 Liudhardo,
956 225 1190 262 inviolatum
1205 238 1363 265 servare

181 287 384 324 licentiam
403 286 585 325 haberet.

233 350 329 388 Post
356 351 441 388 dies
469 364 565 401 ergo
592 354 704 389 venit
731 352 782 389 ad
808 352 979 390 insulam
1005 367 1090 398 rex,
1118 359 1161 392 et
1188 354 1364 393 residens

180 416 254 452 sub
289 415 394 459 divo,
428 416 542 452 iussit
576 416 850 466 Augustinum
885 429 976 453 curn
1010 420 1123 455 sociis
1163 418 1214 455 ad
1248 431 1364 456 suum

183 479 333 516 ibidem
367 479 555 517 advenire
588 479 841 530 colloquium.
897 480 1068 519 Caverat
1102 484 1208 518 enim
1242 495 1292 520 ne
1324 485 1364 520 in

181 543 355 594 aliquam
372 543 536 581 domum
553 543 605 581 ad
620 556 663 581 se
679 546 906 589 introirent,
922 551 1060 583 vetere
1077 558 1170 583 usus
1186 549 1366 598 augurio,

183 621 233 645 ne
253 613 499 657 superventu
519 620 603 652 suo,
624 610 655 645 si
676 608 772 658 quid
787 608 993 646 maleficae
1009 612 1104 647 artis
1119 609 1366 657 habuissent,

184 685 276 710 eum
296 672 522 722 superando
542 672 788 722 deciperent.
843 673 911 724 At
928 673 982 710 illi
1011 687 1091 710 non
1119 674 1367 720 daemonica,

182 736 254 774 sed
289 737 424 774 divina
452 738 601 774 virtute
636 737 810 786 praediti
847 738 1078 782 veniebant,
1107 751 1267 776 crucem
1293 752 1366 789 pro

183 800 326 839 vexillo
365 799 542 839 ferentes
580 806 830 851 argenteam,
869 807 912 839 et
947 804 1165 853 imaginem
1203 802 1366 841 Domini

182 864 398 902 Salvatoris
419 867 459 901 in
479 865 619 902 tabula
634 865 851 914 depictam,
868 865 1144 917 laetaniasque
1160 873 1367 913 canentes,

184 942 255 979 pro
287 942 359 966 sua
390 928 507 966 simul
539 934 582 966 et
615 942 752 967 eorum
784 935 949 979 propter
981 943 1079 981 quos
1112 936 1155 969 et
1187 931 1238 969 ad
1269 945 1367 982 quos

183 999 379 1031 venerant
391 993 521 1031 salute
536 998 715 1038 aeterna,
729 993 904 1031 Domino
917 994 1208 1044 supplicabant.
1250 995 1369 1033 Cum-

183 1071 261 1108 que
290 1058 341 1095 ad
366 1059 581 1095 iussionem
607 1060 712 1108 regis
738 1058 976 1103 residenteS,
996 1060 1163 1097 verbum
1189 1062 1226 1098 ei
1247 1063 1368 1105 vitae,

184 1136 263 1159 una
282 1135 373 1159 cum
393 1123 576 1159 omnibus
604 1125 671 1172 qui
693 1122 862 1160 aderant
882 1125 966 1160 eius
986 1124 1198 1162 comitibus
1212 1125 1368 1174 praedi-

183 1192 336 1231 carent,
355 1187 563 1236 respondit
582 1186 648 1224 ille
668 1187 825 1224 dicens:
861 1186 883 1199 “
903 1186 1073 1224 Pulchra
1091 1194 1186 1226 sunt
1206 1189 1367 1239 quidem

187 1250 307 1289 verba
327 1256 370 1289 et
389 1253 582 1300 promissa
603 1263 707 1301 quae
723 1250 889 1288 adfertis
903 1263 912 1296 ;
947 1252 1019 1289 sed
1035 1255 1129 1302 quia
1144 1266 1246 1290 nova
1261 1260 1369 1299 sunt,

186 1321 227 1354 et
273 1318 438 1360 incerta,
484 1328 563 1352 non
607 1314 667 1352 his
711 1328 873 1365 possum
918 1316 1132 1354 adsensum
1177 1317 1369 1362 tribuere,

185 1379 331 1418 relictis
357 1382 413 1417 eis
439 1392 543 1430 quae
567 1385 683 1416 tanto
704 1386 887 1430 tempore
907 1393 998 1417 cum
1018 1383 1125 1418 omm'
1145 1381 1369 1432 Anglorum

186 1450 310 1495 gente
335 1446 499 1481 servavi.
556 1443 704 1481 Verum
731 1447 824 1494 quia
849 1444 899 1482 de
925 1443 1043 1495 longe
1068 1444 1145 1482 huc
1169 1448 1370 1497 peregrini

187 1510 363 1553 venistis,
385 1514 427 1546 et
454 1514 499 1546 ut
526 1521 601 1558 ego
628 1507 724 1544 mihi
752 1509 888 1546 videor
912 1512 1178 1559 perspexisse,
1199 1523 1247 1548 ea
1266 1522 1370 1561 quae

187 1586 254 1609 vos
284 1586 377 1610 vera
408 1578 450 1610 et
480 1575 632 1621 optima
662 1572 901 1617 credebatis,
932 1573 1044 1610 nobis
1075 1587 1234 1624 quoque
1265 1588 1369 1612 com-

184 1639 387 1674 municare
422 1637 692 1681 desiderastis,
722 1636 904 1674 nolumus
933 1637 1091 1675 molesti
1122 1651 1208 1676 esse
1237 1639 1369 1676 vobis:

186 1704 282 1752 quin
310 1703 443 1752 potius
472 1701 648 1752 benigno
676 1713 743 1738 vos
773 1700 945 1751 hospitio
974 1704 1166 1752 recipere,
1195 1708 1238 1741 et
1265 1715 1370 1753 quae

186 1767 307 1804 victui
340 1771 435 1803 sunt
469 1770 600 1803 vestro
634 1768 870 1810 necessaria,
903 1768 1129 1804 ministrare
1163 1779 1369 1804 curamus:

187 1844 261 1869 nec
302 1828 559 1880 prohibemus
603 1832 698 1880 quin
741 1843 879 1867 omnes
923 1843 1020 1880 quos
1062 1833 1232 1880 potestis
1275 1830 1369 1869 fidei

187 1900 344 1932 vestrae
361 1894 561 1944 religionis
580 1894 849 1944 praedicando
869 1892 1069 1931 societis.’'
1123 1894 1250 1932 Dedit
1271 1908 1366 1946 ergo

187 1961 241 1996 eis
257 1961 503 1995 mansionem
521 1961 558 1994 in
576 1960 738 1996 civitate
762 1957 1071 2003 Doruvernensi,
1088 1970 1192 2008 quae
1207 1961 1363 2009 imperii

188 2052 255 2076 110
