1473 2322
450 139 562 176 THE
599 137 929 175 VENERABLE
964 138 1112 175 BEDE

192 242 441 279 auditoribus
470 240 596 286 fuisti,
626 247 669 279 et
696 254 776 278 non
805 243 861 278 eis
880 243 996 278 iuxta
1016 240 1277 290 apostolicam
1297 241 1375 278 dis-

191 300 378 351 ciplinam
415 303 543 350 primo
579 299 641 337 lae
678 300 884 338 doctrinae
921 299 1111 337 mollioris
1148 302 1376 350 porrexisti,

192 361 317 398 donec
333 359 529 409 paulatim
551 361 717 396 enutriti
744 359 866 396 verbo
892 359 984 403 Dei,
1001 359 1052 396 ad
1072 359 1268 408 capienda
1288 372 1377 408 per-

193 420 358 456 fectoria
393 424 436 456 et
472 419 523 455 ad
558 418 743 455 facienda
777 417 1008 455 sublimiora
1042 417 1123 455 Dei
1157 423 1378 468 praecepta

193 476 460 515 sufficerent?
514 477 604 523 Quo
630 477 782 521 audito,
807 479 985 513 omnium
1011 479 1079 526 qui
1104 476 1378 514 consedebant

195 539 244 575 ad
260 540 390 587 ipsum
407 550 475 573 ora
493 542 535 574 et
551 535 653 573 oculi
670 538 862 580 conversi,
879 535 1096 586 diligenter
1112 536 1209 586 quid
1225 536 1379 574 diceret

194 597 477 641 discutiebant,
493 601 536 634 et
549 598 681 646 ipsum
697 608 783 633 esse
799 595 966 645 dignum
983 598 1231 646 episcopatu,
1246 597 1378 645 ipsum

195 657 246 694 ad
277 655 515 694 erudiendos
547 653 770 692 incredulos
802 659 846 692 et
876 654 1057 691 indoctos
1088 656 1197 691 mitti
1228 655 1378 693 debere

195 716 431 760 decernunt,
445 716 650 765 quigratia
658 714 920 758 discretionis,
929 726 1033 763 quae
1047 716 1241 751 virtutum
1248 719 1379 752 mater

196 781 272 820 est,
306 779 401 812 ante
436 776 569 810 omnia
602 774 795 823 probatur
828 773 1029 816 imbutus3
1096 775 1232 823 sicque
1265 773 1379 810 illum

196 835 440 878 ordinantes,
477 833 529 870 ad
565 832 881 882 praedicandum
922 834 1130 869 miserunt.
1186 831 1265 878 Qui
1310 833 1377 870 ubi

198 901 356 943 tempus
379 894 547 941 accepit,
568 894 670 928 sicut
692 894 799 938 prius
820 890 1095 928 moderamine
1117 890 1380 937 discretionis,

198 957 255 991 ita
272 952 527 1004 postmodum
546 957 587 988 et
604 953 748 988 ceteris
767 951 979 987 virtutibus
998 955 1161 986 ornatus
1179 953 1377 1001 apparuit.

684 1219 800 1255 CAP.
838 1217 893 1254 VI

313 1297 373 1334 De
391 1295 563 1347 religione
582 1309 626 1333 ac
638 1295 774 1346 pietate
792 1294 962 1332 miranda
981 1294 1140 1332 Osualdi
1157 1294 1265 1346 regis.

251 1374 382 1411 Holus
401 1376 525 1423 igitur
545 1374 736 1409 antistitis
756 1372 938 1409 doctrina
957 1385 1028 1409 rex
1049 1371 1203 1409 Osuald
1222 1384 1312 1408 eum
1334 1384 1380 1409 ea

201 1435 262 1470 cui
291 1438 478 1483 praeerat
507 1438 631 1482 gente
651 1430 875 1481 Anglorum
902 1433 1127 1475 institutus,
1142 1444 1223 1467 non
1251 1429 1381 1467 solum

200 1495 404 1542 incognita
423 1492 744 1542 progenitoribus
761 1493 840 1528 suis
856 1503 982 1540 regna
997 1489 1200 1527 caelorum
1221 1502 1382 1539 sperare

200 1552 361 1595 didjcit3
388 1552 460 1589 sed
473 1556 516 1589 et
527 1564 653 1601 regna
665 1556 863 1588 terrarum
877 1548 1089 1600 plusquam
1103 1548 1173 1586 ulli
1184 1551 1382 1586 maiorum

202 1624 376 1655 suorum,
392 1611 442 1648 ab
457 1610 599 1648 eodem
614 1624 693 1647 uno
707 1609 798 1648 Deo
814 1609 988 1659 quifecit
1003 1607 1159 1646 caelum
1169 1613 1382 1653 etterram,

201 1675 437 1707 consecutus
451 1674 523 1707 est.
562 1669 752 1720 Denique
761 1682 899 1706 omnes
907 1670 1091 1705 nationes
1107 1673 1149 1705 et
1162 1670 1382 1717 provincias

201 1729 437 1774 Brittaniam,
451 1742 553 1778 quac
567 1731 607 1765 in
620 1727 973 1778 quatum-linguas,
986 1727 1027 1765 id
1041 1732 1116 1771 est,
1129 1726 1382 1772 Brettonum,

204 1787 417 1833 Pictorum,
447 1787 676 1825 Scottorum
705 1793 747 1825 et
775 1787 998 1838 Anglorum
1027 1786 1176 1824 divisae
1205 1792 1313 1831 sunt,
1342 1788 1382 1823 in

203 1849 353 1885 ditione
375 1849 540 1896 accepit.

252 1941 264 1960 ¹
289 1942 303 1971 l
322 1940 397 1972 Cor.
413 1941 460 1971 iii.
477 1941 508 1970 2.

248 1983 261 2002 ²
282 1982 343 2015 Le.
372 1982 418 2023 by
446 1982 567 2023 bishop
595 1981 702 2012 under
729 1981 895 2013 direction
923 1981 958 2012 of
984 1979 1093 2012 abbot
1119 1980 1189 2011 and
1216 1983 1382 2017 convent3

204 2025 334 2066 might,
351 2035 383 2065 p.
403 2025 464 2056 134
479 2024 517 2058 ff.

204 2087 274 2126 350
