1473 2322
437 115 550 154 THE
587 115 918 154 VENERABLE
954 117 1102 155 BEDE

177 220 342 271 quidam
368 233 462 257 vero
489 219 736 265 verberibus,
763 225 805 258 et
831 221 996 271 quidam
1020 221 1255 266 districtius,
1279 223 1365 272 qui·

177 290 271 327 dam
300 295 439 327 autem
466 288 594 328 levius
621 292 885 341 corrigantur.
939 291 994 328 Et
1021 304 1112 328 cum
1139 291 1260 341 paulo
1287 291 1365 329 dis-

178 361 334 396 trictius
361 360 510 410 agitur,
536 371 587 396 ex
612 361 783 398 caritate
809 359 1012 410 agendum
1038 365 1115 405 est,
1140 366 1184 398 et
1207 374 1289 397 non
1313 373 1364 398 ex

177 427 334 466 furore:
377 429 472 478 quia
498 429 575 478 ipsi
602 427 678 466 hoc
705 434 938 478 praestatur
965 432 1033 480 qui
1061 431 1286 480 corrigitur,
1311 442 1363 467 ne

176 497 390 549 gehennae
417 497 579 548 ignibus
605 498 804 536 tradatur.
857 497 921 536 Sic
948 501 1055 536 enim
1082 512 1154 536 nos
1180 499 1364 537 fidelibus

177 573 319 606 tenere
339 567 589 617 disciplinam
609 567 820 612 debemus,
838 570 942 605 sicut
959 568 1055 605 boni
1072 573 1209 619 patres
1227 581 1364 605 carna-

176 636 279 675 libus
320 635 409 673 filiis
448 636 595 681 solent,
635 649 734 687 quos
775 642 819 675 et
856 650 929 687 pro
968 637 1094 687 culpis
1131 638 1364 676 verberibus

176 705 342 751 feriunt,
382 711 426 744 et
463 710 604 743 tamen
641 708 748 756 ipsos
787 719 887 757 quos
925 706 1128 744 doloribus
1165 706 1364 757 adfligunt

176 774 327 813 habere
356 774 528 813 heredes
558 780 783 825 quaerunt3
828 781 871 814 et
900 789 1005 826 quae
1033 776 1243 826 possident
1268 779 1363 825 ipsis

175 850 340 882 servant
382 857 481 895 quos
523 846 616 882 irati
657 847 816 895 insequi
857 845 1059 883 videntur.
1112 845 1226 883 Haec
1267 858 1363 896 ergo

176 916 322 951 caritas
350 916 391 950 in
420 918 560 952 mente
588 914 769 952 tenenda
798 919 875 959 est,
903 920 947 952 et
973 917 1061 965 ipsa
1088 915 1253 953 modum
1280 928 1363 952 eor-

176 985 370 1033 reptionis
395 983 538 1027 dictat,
562 985 621 1020 ita
645 988 692 1020 ut
714 996 829 1021 mens
855 990 971 1021 extra
993 986 1159 1021 rationis
1182 984 1363 1035 regulam

177 1055 339 1090 omnino
381 1051 479 1089 nihil
521 1051 656 1090 faciat.
710 1053 850 1091 Addes
893 1056 1032 1098 etiam,
1073 1052 1273 1104 quomodo
1315 1066 1364 1091 ea

177 1135 281 1173 quae
305 1120 417 1159 furtu
441 1122 491 1160 de
516 1121 692 1160 ecclesiis
716 1122 958 1160 abstulerint
978 1123 1149 1162 reddere
1170 1123 1362 1161 debeant.

176 1191 257 1229 Sed
286 1191 391 1228 absit
420 1197 466 1228 ut
495 1191 663 1229 ecclesia
691 1204 782 1228 cum
811 1198 1031 1243 augmento
1058 1195 1228 1242 recipiat
1254 1194 1363 1244 quod

177 1262 228 1300 de
249 1263 419 1298 terrenis
440 1261 560 1298 rebus
582 1261 741 1299 videtur
763 1264 966 1307 amittere,
989 1267 1032 1300 et
1050 1262 1159 1299 lucra
1179 1263 1230 1301 de
1251 1266 1362 1301 vanis

177 1329 415 1381 quaerere.'’

229 1400 297 1437 IV.
327 1400 599 1451 Interrogatio
645 1401 877 1452 Augustini.
931 1401 955 1415 “
972 1401 1013 1439 Si
1059 1403 1238 1450 debeant
1281 1403 1361 1441 duo

175 1472 358 1521 germani
380 1469 526 1507 fratres
548 1470 725 1521 singulas
747 1484 901 1509 sorores
924 1473 1119 1525 accipere,
1141 1485 1246 1522 quae
1266 1479 1361 1511 sunt

176 1541 227 1577 ab
246 1540 322 1576 illis
341 1539 462 1591 longa
480 1542 674 1591 progenie
693 1542 943 1591 generatae?
962 1540 985 1553 '’

226 1609 452 1660 Respondit
476 1609 706 1661 Gregorius.
761 1609 784 1624 “
802 1610 892 1648 Hoc
915 1610 1001 1649 fieri
1024 1612 1153 1649 modis
1176 1613 1360 1650 omnibus

177 1679 293 1717 licet:
334 1692 593 1730 nequaquam
620 1682 727 1718 enim
753 1682 795 1717 in
820 1683 941 1718 sacris
967 1680 1135 1732 eloquiis
1158 1684 1362 1729 invenitur

177 1749 285 1800 quod
307 1748 399 1786 huic
422 1748 598 1799 capitulo
621 1750 896 1789 contradicere
919 1749 1146 1789 videatur.”

226 1818 274 1856 V.
303 1818 574 1870 Interrogatio
607 1820 839 1870 Augustini.
893 1819 916 1834 “
936 1819 1076 1871 Usque
1109 1820 1160 1858 ad
1192 1826 1358 1871 quotam

174 1891 481 1939 generationem
514 1888 653 1927 fideles
685 1890 865 1927 debeant
896 1903 987 1926 cum
1019 1892 1252 1940 propinquis
1284 1891 1357 1928 sibi

175 1959 360 2008 coniugio
386 1958 590 2008 copulari?
632 1964 675 1998 et
700 1962 879 1998 novercis
906 1965 948 1998 et
974 1962 1155 2009 cognatis
1180 1962 1213 1997 si
1239 1959 1358 1998 liceat

175 2026 350 2075 copulari
373 2029 585 2079 coniugio?
604 2028 627 2041 '¹

183 2092 248 2119 122
