1473 2322
454 145 565 182 THE
602 143 931 182 VENERABLE
967 143 1114 182 BEDE

192 253 312 295 rexit,
339 255 385 287 ut
411 249 613 293 mulieres,
641 248 739 286 filios
767 261 865 298 quos
892 250 1079 299 gignunt,
1105 250 1258 286 nutrire
1284 261 1373 285 eou-

192 320 393 358 temnant,
435 326 585 363 eosque
627 313 711 350 aliis
751 313 984 350 mulieribus
1026 313 1077 350 ad
1116 312 1375 350 nutriendum

196 379 372 422 tradant,
396 378 505 428 quod
527 377 715 415 videlicet
739 390 789 414 ex
812 376 896 414 sola
918 389 1037 414 causa
1060 378 1376 414 incontinentiae

193 443 353 480 videtur
381 444 615 479 inventum:
661 443 755 491 quia
784 441 881 479 dum
911 454 954 478 se
984 443 1192 478 continere
1220 439 1377 485 nolunt,

193 507 421 557 despiciunt
446 505 596 543 lactare
624 519 723 556 quos
749 507 936 556 gignunt.
990 504 1081 542 Hae
1106 507 1246 555 itaque
1272 517 1377 555 quae

193 571 292 608 filios
311 584 402 608 suos
423 584 473 608 ex
493 584 615 620 prava
631 570 923 607 consuetudine
943 569 1027 606 aliis
1048 569 1100 606 ad
1117 568 1378 606 nutriendum

193 635 375 680 tradunt,
416 637 492 672 nisi
531 636 783 685 purgationis
823 639 986 684 tempus
1026 635 1245 678 transierit,
1287 635 1377 669 viris

191 703 272 737 suis
287 713 368 737 non
383 699 536 737 debent
552 699 783 736 admisceri:
807 700 956 749 quippe
973 700 1067 748 quia
1082 703 1125 736 et
1138 699 1224 735 sine
1238 702 1377 747 partus

193 777 327 809 causa,
349 777 441 802 cum
462 766 504 800 in
526 765 652 801 suetis
673 765 890 800 menstruis
913 762 1162 807 detinentur,
1184 763 1276 798 viris
1298 763 1378 798 suis

192 831 349 867 misceri
368 827 655 878 prohibentur;
679 830 738 864 ita
752 832 798 864 ut
812 832 944 865 morte
964 825 1051 864 Lex
1065 839 1177 863 sacra
1194 825 1329 870 feriat,
1346 827 1377 862 si

195 896 282 943 quis
309 895 368 930 vir
395 892 446 930 ad
471 897 767 930 menstruatam
792 891 1003 929 mulierem
1030 890 1209 929 accedat.
1263 889 1378 937 Quae

194 964 333 995 tamen
357 956 500 995 mulier
525 957 621 994 dum
646 956 980 993 consuetudinem
1003 960 1254 993 menstruam
1276 956 1380 1004 pati-

194 1028 273 1066 tur,
297 1021 500 1071 prohiberi
525 1021 735 1059 ecclesiam
758 1023 909 1058 intrare
933 1033 1014 1056 non
1038 1019 1185 1063 debet3
1224 1021 1318 1069 quia
1343 1021 1379 1056 ei

194 1091 364 1124 naturae
393 1085 648 1136 superfluitas
677 1088 718 1122 in
747 1084 906 1134 culpam
934 1097 1014 1121 non
1042 1083 1152 1121 valet
1177 1085 1378 1133 reputari:

195 1156 239 1188 et
265 1164 338 1200 per
364 1149 439 1187 hoc
468 1150 576 1200 quod
603 1151 729 1186 invita
755 1151 924 1199 patitur,
957 1150 1108 1185 iustum
1135 1161 1216 1185 non
1244 1152 1306 1185 est
1333 1152 1379 1184 ut

193 1218 377 1266 ingressu
400 1214 591 1252 ecclesiae
614 1216 806 1264 privetur.
861 1212 1052 1250 Nowimus
1075 1225 1250 1262 namque
1272 1211 1380 1262 quod

193 1278 338 1317 mulier
365 1292 469 1329 quae
496 1278 650 1316 fluxum
677 1278 911 1328 patiebatur
937 1279 1156 1327 sanguinis,
1182 1281 1275 1326 post
1300 1281 1380 1314 ter-

194 1357 292 1394 gum
337 1343 501 1380 Domini
545 1342 750 1380 humiliter
793 1344 972 1386 veniens,
1016 1343 1247 1379 vestimenti
1296 1342 1379 1378 eius

196 1407 395 1445 fimbriam
421 1409 574 1458 tetigit,
603 1412 726 1457 atque
755 1406 805 1443 ab
833 1419 882 1444 ea
907 1408 1048 1443 statim
1073 1417 1145 1442 sua
1170 1404 1380 1442 infirmitas

196 1475 373 1510 recessit.
428 1471 468 1509 Si
493 1485 588 1522 ergo
616 1474 657 1508 in
685 1470 795 1508 fluxu
818 1472 1023 1521 sanguinis
1045 1472 1178 1520 posita
1201 1469 1381 1507 laudabi-

196 1537 289 1575 liter
307 1538 443 1587 potuit
465 1536 628 1573 Domini
649 1538 938 1573 vestimentum
959 1540 1151 1585 tangere:
1187 1547 1256 1570 cur
1276 1546 1379 1584 quae

196 1607 446 1639 menstruam
473 1603 677 1651 sanguinis
704 1602 872 1649 patitur,
901 1601 937 1636 ei
964 1612 1044 1636 non
1070 1598 1190 1636 liceat
1218 1598 1378 1635 Domini

198 1665 406 1704 ecclesiam
449 1665 628 1702 intrare?
682 1663 762 1701 Sed
807 1664 924 1701 dicis:
984 1663 992 1675 ‘
1012 1663 1127 1699 Illam
1171 1662 1380 1699 infirmitas

197 1730 412 1780 compulit:
449 1729 520 1766 has
543 1742 636 1766 vero
658 1729 709 1766 de
732 1728 876 1778 quibus
898 1727 1110 1778 loquimur,
1132 1726 1381 1764 consuetudo

197 1793 463 1845 constringit.’
517 1792 728 1842 Perpende
750 1798 887 1829 autem
907 1791 1033 1829 frater
1052 1793 1266 1836 carissime,
1287 1793 1381 1841 quia

199 1872 316 1897 omne
340 1859 447 1909 quod
469 1860 509 1894 in
531 1856 605 1894 hac
626 1856 786 1894 mortali
808 1869 926 1894 carne
948 1858 1125 1905 patimur
1147 1869 1196 1892 ex
1219 1855 1381 1892 infirmi—

197 1929 285 1961 tate
326 1928 510 1966 naturae,
547 1927 609 1959 est
644 1921 766 1971 digno
803 1920 881 1957 Dei
915 1920 1061 1957 iudicio
1096 1925 1187 1969 post
1222 1918 1380 1969 culpam

667 2023 677 2043 ¹
703 2022 784 2053 ch.
804 2023 858 2055 20.
880 2022 930 2054 18.

205 2068 272 2116 136
