1473 2322
428 122 540 160 THE
580 122 911 161 VENERABLE
949 122 1097 160 BEDE

170 229 285 271 verit,
314 226 441 277 qualis
471 229 595 264 etiam
622 229 799 277 ipsorum
827 233 988 277 patrum
1017 229 1101 264 vita
1130 227 1192 265 vel
1220 228 1353 264 obitus

169 283 366 325 extiterit,
394 279 611 331 diligenter
638 293 662 317 a
687 279 879 318 fratribus
906 282 1138 318 monasterii
1167 280 1275 331 quod
1302 280 1354 317 ab

172 336 264 382 ipsis
277 333 484 370 conditum
493 333 766 384 Laestingaeu
778 336 1352 384 cognominatur,agnovimus.

170 385 291 423 Porro
334 389 376 423 in
419 389 623 437 provincia
667 387 935 424 Orientalium
981 386 1203 437 Anglorum
1249 394 1353 437 quae

172 440 320 477 fuerint
354 446 472 490 gesta
508 439 791 485 ecclesiastica,
826 443 975 490 partim
1012 453 1062 477 ex
1099 442 1255 490 scriptis
1291 439 1355 477 vel

168 493 387 530 traditione
426 495 617 543 priorum,
656 496 804 544 partim
843 495 1156 531 reverentissimi
1195 494 1354 531 abbatis

170 547 237 583 Esi
276 546 472 584 relatione
511 550 790 597 comperimus.
845 548 903 584 At
941 560 1035 585 vero
1073 549 1115 584 in
1153 549 1355 596 provincia

170 600 342 638 Lindissi
370 613 475 651 quae
503 603 584 638 sint
612 606 730 651 gesta
755 613 852 651 erga
876 601 998 638 fidem
1023 600 1170 638 Christi
1199 613 1354 651 quaeve

177 656 372 691 successio
391 654 649 692 sacerdotalis
669 656 868 698 extiterit,
888 654 951 691 vel
969 653 1095 691 literis
1115 656 1354 691 reverentis-

171 709 259 744 sirm·
306 710 498 745 antistitis
545 707 777 758 Cynibercti
834 707 898 745 vel
953 707 1120 744 aliorum
1177 707 1354 744 fidelium

175 763 347 798 virorum
359 763 448 798 viva
461 774 556 798 voce
570 761 791 799 didicimus.
840 761 956 808 Quae
970 766 1107 798 autem
1120 763 1160 797 in
1174 760 1355 798 Nordan—

169 813 429 865 hymbrorum
452 817 655 864 provincia
677 827 727 852 ex
752 828 831 865 quo
854 820 1039 864 tempore
1063 814 1184 852 fidem
1208 813 1354 851 Christi

169 874 440 918 perceperunt
458 880 585 917 usque
605 869 658 906 ad
676 880 866 918 praesens
885 881 958 918 per
977 868 1152 905 diversas
1170 870 1355 918 regiones

169 923 210 957 in
236 920 404 958 ecclesia
428 923 509 959 sint
534 927 639 967 acta,
663 935 744 959 non
769 935 849 958 uno
875 921 1057 972 quolibet
1081 926 1260 966 auctore,
1283 920 1357 958 sed

171 974 278 1011 fideli
325 977 625 1012 innumerorum
671 977 840 1012 testium
886 977 954 1025 qui
1001 973 1101 1012 haec
1146 977 1246 1012 scire
1292 973 1356 1011 vel

170 1030 400 1065 meminisse
443 1034 635 1078 poterant
678 1028 906 1066 adsertione
949 1029 1132 1079 cognovi,
1175 1029 1355 1078 exceptis

170 1080 230 1118 his
259 1094 364 1131 quae
390 1094 464 1132 per
489 1084 688 1132 meipsum
715 1095 832 1119 nosse
859 1087 1056 1131 poteram.
1111 1081 1225 1119 Inter
1251 1092 1356 1131 quae

169 1135 408 1180 notandum,
436 1135 545 1185 quod
580 1148 629 1172 ea
663 1148 768 1185 quae
804 1135 855 1172 de
891 1137 1140 1172 sanctissimo
1167 1140 1285 1184 patre
1314 1139 1356 1172 et

170 1191 354 1226 antistite
374 1188 603 1226 Cudbercto
622 1189 685 1225 vel
705 1191 745 1225 in
765 1188 840 1226 hoc
859 1188 1059 1225 volumine
1079 1188 1143 1225 vel
1162 1190 1203 1225 in
1222 1187 1356 1225 libello

170 1241 388 1279 Gestorum
416 1244 540 1292 ipsius
568 1245 796 1292 conscripsi,
825 1245 973 1291 partim
1003 1254 1054 1279 ex
1084 1244 1141 1279 eis
1170 1254 1276 1291 quae
1305 1241 1356 1279 de

170 1295 236 1332 illo
285 1297 393 1345 prius
442 1309 467 1332 a
514 1295 704 1333 fratribus
767 1295 958 1332 ecclesiae
1021 1293 1356 1332 Lindisfarnensis

170 1351 318 1398 scripta
345 1351 492 1398 reperi,
518 1349 722 1399 adsumpsi
753 1349 987 1399 simpliciter
1018 1348 1140 1386 fidem
1167 1348 1356 1385 historiae¹

171 1415 292 1452 quam
319 1401 507 1453 legebam
534 1402 853 1447 accommodans,
880 1404 1027 1452 partim
1054 1415 1148 1439 vero
1176 1414 1225 1439 ea
1252 1414 1356 1452 quae

171 1458 393 1492 certissima
433 1455 611 1493 fidelium
651 1458 824 1493 virorum
865 1455 1138 1493 adtestatione
1178 1467 1251 1505 per
1289 1467 1354 1492 me

170 1511 256 1557 ipse
314 1522 555 1560 cognoscere
600 1512 715 1559 potui
759 1509 943 1546 sollerter
988 1508 1162 1546 adiicere
1208 1510 1354 1546 curavi.

171 1561 465 1613 Lectoremque
496 1563 731 1613 suppliciter
760 1563 939 1607 obsecro,
971 1568 1018 1599 ut
1048 1564 1081 1599 si
1113 1574 1194 1612 qua
1223 1564 1265 1598 in
1295 1561 1356 1599 his

171 1628 276 1665 quae
300 1618 527 1666 scripsimus
552 1616 669 1654 aliter
693 1629 815 1666 quam
839 1629 881 1653 se
906 1618 1053 1653 veritas
1077 1615 1203 1652 habet
1225 1617 1356 1665 posita

170 1672 380 1720 repererit,
402 1683 483 1707 non
508 1669 583 1707 hoc
605 1670 718 1707 nobis
740 1672 918 1720 imputet
939 1671 1022 1720 qui,
1045 1669 1153 1719 quod
1174 1681 1269 1706 vera
1289 1668 1355 1706 lex

222 1829 234 1849 ¹
257 1828 300 1860 In
315 1829 514 1861 Yorkshire.

219 1872 232 1892 ²
254 1871 410 1913 Nothing
426 1871 491 1904 but
507 1871 578 1903 this
592 1872 708 1904 notice
723 1873 752 1903 is
768 1872 894 1903 known
910 1871 947 1903 of
961 1871 1046 1903 him.

173 1914 432 1988 Mesfrcli3glonged
467 1915 666 1947 sometimes
704 1918 742 1946 to
781 1914 813 1947 N
816 1914 1044 1951 orthumbria,
1081 1913 1278 1946 sometimes
1315 1917 1352 1945 to

219 2000 231 2018 ⁴
253 2000 305 2031 Cf.
321 1999 381 2031 IV.
398 2000 450 2031 12.
630 2000 644 2019 ⁸
667 1999 782 2032 Cf.11.
800 2000 852 2032 16.
1030 1998 1044 2018 ⁰
1066 1998 1117 2031 Cf.
1131 1998 1192 2031 IV.
1207 2000 1261 2030 26.

175 2061 199 2095 8
