1473 2322
449 140 562 179 THE
597 140 931 179 VENERABLE
964 141 1113 179 BEDE

633 283 750 322 CAP.
787 283 931 321 XXIII

194 372 243 411 Ut
263 371 357 409 idem
378 370 571 422 episcopus
594 369 695 408 cedd
715 369 831 407 locum
852 368 1063 407 monasterii
1083 369 1317 408 construendi
1330 370 1377 408 ab

290 424 506 464 oidilualdo
540 437 625 475 rege
661 423 856 475 accipiens,
892 423 1118 461 orationibus
1153 437 1197 462 ac
1231 424 1378 462 ieiuniis

287 479 452 517 Domino
474 478 738 516 consecraverit
754 493 772 522 ,·
809 483 843 515 et
864 477 910 515 de
931 477 1029 515 obitu
1050 477 1181 529 ipsius.

237 564 416 603 SOLEBAT
435 570 575 602 autem
594 564 702 601 idem
721 565 780 600 vir
799 563 978 608 Domini,
997 576 1089 600 cum
1109 563 1218 614 apud
1237 563 1378 602 Orien-

187 619 290 658 tales
309 619 489 657 Saxones
510 621 764 668 episcopatus
792 617 918 654 officio
947 617 1200 668 fungeretur,
1219 620 1378 668 saepius

189 676 313 712 etiam
343 686 471 717 suam,
499 672 542 710 id
571 678 647 717 est,
677 671 1104 722 Nordanhymbrorum
1133 674 1378 722 provinciam

190 727 430 766 exhortandi
467 728 600 776 gratia
636 729 832 763 revisere:
886 738 1008 775 quem
1045 738 1135 763 cum
1175 725 1379 764 oidiluald

189 781 291 819 filius
311 780 478 818 osualdi
498 782 618 830 regiS,
638 782 705 829 qui
725 782 766 816 in
786 779 987 816 Derorum
1006 780 1188 829 partibus
1207 793 1377 830 regnum

188 834 382 880 habebat,
411 837 539 871 virum
568 840 753 871 sanctum
784 838 827 870 et
856 835 1097 882 sapientem,
1126 834 1378 884 probumque

188 889 365 926 moribus
386 888 557 931 videret,
577 887 798 937 postulavit
818 899 911 924 eum
933 889 1224 936 possessionem
1244 893 1378 926 terrae

189 942 365 993 aliquam
382 955 405 978 a
421 955 464 979 se
481 941 532 979 ad
547 941 862 978 construendum
879 943 1168 978 monasterium
1184 943 1378 991 accipere,

189 999 231 1034 in
269 1009 348 1046 quo
384 998 471 1046 ipse
508 1008 580 1033 rex
619 1000 662 1032 et
699 995 951 1044 frequentius
989 994 1042 1032 ad
1078 994 1378 1044 deprecandum

190 1051 411 1088 Dominum
441 1050 692 1098 verbumque
724 1048 969 1086 audiendum
1001 1048 1205 1094 advenire,
1236 1054 1280 1086 et
1309 1049 1378 1087 de-

190 1104 352 1143 functus
375 1102 535 1153 sepeliri
557 1103 740 1140 deberet.
795 1101 899 1139 Nam
923 1107 966 1140 et
987 1115 1030 1140 se
1053 1104 1183 1152 ipsum
1206 1101 1378 1141 fideliter

190 1158 362 1197 credidit
374 1156 548 1194 multum
563 1158 689 1193 iuvari
706 1169 844 1194 eorum
859 1157 1106 1193 orationibus
1122 1157 1378 1206 quotidianis,

191 1215 258 1263 qui
282 1211 348 1249 illo
370 1213 412 1249 in
433 1210 520 1249 loco
542 1210 719 1248 Domino
742 1212 951 1248 servirent.
1005 1209 1218 1248 Habuerat
1240 1216 1378 1249 autem

190 1267 298 1305 idem
314 1279 386 1303 rex
402 1278 538 1303 secum
554 1264 721 1302 fratrem
737 1277 975 1314 germanum
992 1264 1172 1302 eiusdem
1189 1266 1377 1314 episcopi,

191 1319 384 1357 vocabulo
405 1318 557 1363 Caelin,
577 1321 705 1355 virum
727 1331 856 1368 aeque
877 1317 968 1355 Deo
988 1317 1195 1362 devotum,
1215 1321 1282 1368 qui
1303 1320 1376 1367 ipsi

192 1387 237 1411 ac
257 1373 433 1411 familiae
462 1374 583 1422 ipsius
613 1372 780 1410 verbum
809 1377 852 1409 et
879 1376 1132 1409 sacramenta
1159 1371 1267 1415 fidei,
1288 1376 1377 1409 erat

192 1430 299 1466 enim
313 1427 540 1477 presbyter,
554 1428 780 1463 ministrare
795 1423 965 1468 solebat,
979 1438 1051 1474 per
1065 1427 1175 1462 cuius
1189 1426 1375 1461 notitiam

191 1484 367 1519 maxime
407 1480 458 1518 ad
495 1478 743 1530 diligendum
781 1478 1107 1528 noscendumque
1146 1480 1375 1527 episcopum

191 1537 388 1585 pervenit.
445 1533 599 1571 Faveas
636 1545 732 1582 ergo
767 1534 870 1569 votis
905 1534 1010 1581 regis
1047 1533 1215 1569 antistes
1252 1530 1377 1581 elegit

192 1590 266 1627 sibi
313 1587 445 1625 locum
494 1587 728 1624 monasterii
776 1585 1034 1623 construendi
1083 1587 1124 1622 in
1171 1585 1375 1622 montibus

193 1643 326 1680 arduis
348 1655 393 1679 ae
414 1642 593 1685 remotis,
613 1642 652 1676 in
675 1639 819 1689 quibus
838 1638 1040 1675 latronum
1061 1639 1188 1687 magis
1208 1636 1376 1674 latibula

193 1710 239 1734 ac
256 1695 383 1733 lustra
400 1694 590 1737 ferarum,
610 1706 731 1743 quam
750 1691 978 1729 habitacula
997 1690 1118 1729 fuisse
1137 1690 1376 1728 videbantur

192 1750 399 1787 hominum
414 1761 422 1785 ε
452 1753 499 1784 ut
512 1750 626 1784 iuxta
641 1745 895 1796 prophetiam
913 1745 1055 1789 Isaiae,
1069 1744 1091 1757 “
1111 1746 1151 1781 in
1167 1743 1375 1789 cubilibus,

193 1807 234 1842 in
263 1803 407 1853 quibus
435 1804 544 1850 prius
573 1800 764 1838 dracones
792 1798 1047 1841 habitabant,
1074 1800 1246 1835 oriretur
1273 1799 1375 1834 viror

194 1856 335 1895 calami
357 1861 398 1893 et
419 1853 565 1899 iunci,’'
585 1854 628 1891 id
649 1858 724 1898 est,
744 1852 897 1890 fructus
917 1853 1112 1889 bonorum
1133 1863 1299 1900 operum
1317 1850 1372 1887 ibi

643 2013 656 2032 ²
680 2012 759 2044 Isai.
776 2021 881 2043 mv.
899 2012 930 2044 7.

196 2091 266 2126 442
