1473 2322
459 153 570 190 THE
604 152 934 190 VENERABLE
967 153 1114 190 BEDE

198 256 292 294 fidei
308 256 558 294 Christianae
575 259 748 307 signum,
763 255 873 294 nulla
894 255 1074 301 ecclesia,
1087 256 1239 294 nullum
1256 256 1381 294 altare

198 320 238 354 in
266 323 356 355 tota
384 317 656 355 Berniciorum
684 323 809 368 gente
839 323 1019 356 erectum
1048 323 1124 362 est,
1152 320 1382 368 priusquam

198 378 272 415 hoc
303 392 439 416 sacrae
478 381 603 416 crucis
636 378 826 416 vexillum
856 392 981 416 novus
1020 378 1188 416 militiae
1228 379 1383 423 ductor,

198 440 378 477 dictante
387 440 480 478 fidei
494 441 723 486 devotione,
735 440 1041 478 contrahostem
1053 442 1381 477 immanissimum

199 507 452 552 pugnaturus
472 507 686 540 statueret.

249 563 334 601 Nec
351 564 401 600 ab
418 577 460 601 re
479 569 541 601 est
554 577 678 600 unum
693 578 714 601 e
727 563 906 613 pluribus
924 578 1026 614 quae
1041 564 1093 600 ad
1109 563 1211 600 hanc
1226 577 1383 601 crucem

199 630 362 675 patrata
384 631 492 670 sunt,
516 628 674 662 virtutis
698 625 933 662 miraculum
958 639 1156 663 enarrare.
1211 625 1383 671 Quidam

198 687 248 725 de
263 686 452 724 fratribus
462 686 798 737 Hagustaldensis
809 686 1001 725 ecclesiae
1010 690 1169 724 nomine
1184 686 1369 725 Bothelm
1377 717 1385 731 ‚

200 751 267 798 qui
299 762 405 785 nunc
437 762 563 798 usque
596 754 794 798 superest,
827 754 922 787 ante
954 761 1101 798 paucos
1134 761 1258 785 annos
1289 748 1385 786 dum

198 813 396 847 incautius
429 810 534 848 forte
571 816 694 848 noctu
726 813 767 847 in
800 809 929 860 glacie
962 810 1184 855 incederet,
1216 815 1385 860 repente

199 885 386 909 corruens
412 871 620 908 brachium
640 873 842 916 contrivit,
863 884 908 908 ac
927 873 1161 921 gravissima
1186 871 1385 909 fracturae

198 936 320 983 ipsius
339 936 474 983 coepit
491 932 677 971 molestia
693 933 879 984 fatigari3
910 935 968 970 ita
980 939 1027 970 ut
1039 947 1090 971 ne
1104 933 1154 970 ad
1167 946 1210 971 os
1223 933 1385 984 quidem

198 995 398 1033 adducere
430 998 562 1045 ipsum
592 994 800 1033 brachium
822 994 1024 1033 ullatenus
1055 994 1191 1034 dolore
1223 1001 1386 1033 arcente

199 1057 364 1095 valeret.
419 1056 500 1104 Qui
525 1070 616 1095 cum
642 1057 707 1095 die
733 1057 909 1108 quadam
933 1070 1053 1095 mane
1079 1057 1238 1095 audiret
1262 1071 1385 1094 unum

199 1120 249 1157 de
263 1119 453 1157 fratribus
461 1118 650 1157 adlocurn
660 1119 840 1157 eiusdem
853 1125 1017 1156 sanctae
1031 1121 1156 1156 crucis
1171 1120 1385 1157 ascendere

199 1181 454 1231 disposuisse,
482 1183 640 1231 rogavit
668 1186 715 1218 ut
744 1180 920 1231 aliquam
948 1181 1022 1218 sibi
1051 1186 1211 1231 partem
1241 1181 1291 1218 de
1319 1179 1387 1217 illo

198 1243 307 1293 ligno
336 1242 554 1281 venerabili
580 1242 740 1281 rediens
769 1242 961 1288 adferret,
989 1242 1153 1280 credere
1180 1256 1224 1280 se
1252 1243 1387 1280 dicens

199 1308 293 1355 quia
317 1318 389 1355 per
411 1304 501 1350 hoc,
525 1304 702 1342 donante
726 1304 916 1349 Domino,
940 1303 1113 1342 salutem
1136 1310 1274 1355 posset
1297 1318 1388 1342 con-

199 1370 326 1417 sequi.
381 1366 495 1405 Fecit
518 1366 586 1404 ille
613 1372 659 1404 ut
678 1372 843 1417 rogatus
865 1372 940 1411 est,
961 1371 1004 1405 et
1022 1380 1204 1405 reversus
1225 1367 1277 1404 ad
1302 1379 1387 1405 ves·

199 1441 353 1478 peram,
374 1427 610 1465 sedentibus
639 1431 719 1464 iam
741 1427 793 1465 ad
812 1440 994 1465 mensam
1015 1427 1219 1473 fratribus,
1240 1427 1387 1466 obtulit

201 1493 238 1527 ei
261 1488 413 1540 aliquid
435 1489 488 1528 de
510 1491 639 1527 veteri
661 1502 799 1527 musco
823 1502 902 1539 quo
925 1489 1156 1540 superficies
1177 1488 1277 1540 ligni
1301 1495 1388 1528 erat

201 1552 343 1589 obsita.
398 1550 478 1598 Qui
497 1564 589 1588 cum
609 1551 753 1589 sedens
775 1551 827 1588 ad
845 1564 1027 1589 mensam
1046 1564 1127 1589 non
1145 1550 1318 1590 haberet
1337 1551 1388 1589 ad

202 1626 365 1650 manum
385 1613 454 1650 ubi
474 1612 657 1650 oblatum
677 1613 751 1650 sibi
770 1625 916 1650 munus
935 1618 1166 1664 reponeret,
1185 1615 1294 1650 misit
1312 1611 1388 1651 hoc

201 1679 241 1712 in
273 1678 404 1712 sinum
436 1675 523 1712 sibi.
577 1674 633 1711 Et
665 1674 761 1711 dum
792 1676 872 1713 iret
903 1674 1100 1720 cubitum,
1132 1673 1280 1712 oblitus
1312 1673 1387 1712 hoc

202 1737 346 1774 alicubi
359 1737 577 1787 deponere,
591 1739 773 1786 permisit
786 1750 857 1774 suo
870 1739 911 1773 in
924 1739 1012 1774 sinu
1025 1749 1276 1787 permanere.
1330 1736 1389 1774 At

202 1799 334 1837 medio
360 1801 488 1836 noctis
514 1804 712 1848 tempore,
738 1811 829 1835 cum
856 1797 1080 1849 evigilaret,
1104 1800 1230 1836 sensit
1254 1799 1388 1836 neseio

203 1861 300 1911 quid
329 1860 464 1911 frigidi
493 1874 564 1898 suo
600 1860 718 1898 lateri
757 1860 954 1905 adiacere,
984 1860 1229 1910 admotaque
1266 1873 1388 1897 manu

202 1925 407 1973 requirere
427 1922 525 1973 quid
545 1927 666 1967 esset,
681 1924 739 1959 ita
755 1935 897 1959 sanum
916 1921 1123 1959 brachium
1142 1934 1388 1972 manumque

203 1986 369 2035 reperit,
388 1997 433 2021 ac
451 1986 483 2022 si
502 1983 599 2021 nihil
617 1997 795 2034 unquam
813 1986 918 2021 tanti
936 1983 1138 2035 languoris
1156 1982 1376 2021 habuisset.

203 2086 273 2123 332
