1473 2322
431 149 543 188 THE
577 148 906 188 VENERABLE
940 147 1088 186 BEDE

171 253 383 304 profanare
425 253 616 297 deberet3
668 251 736 291 ille
776 251 1005 302 respondit:
1060 250 1083 265 “
1102 250 1203 303 Ego.
1257 250 1357 298 Quis

173 328 280 364 enim
297 339 345 364 ea
362 340 465 376 quae
482 339 555 376 per
571 325 786 363 stultitiam
802 325 919 369 colui,
935 337 1041 362 nunc
1058 324 1110 361 ad
1126 322 1357 373 exemplum

172 400 351 436 omnium
369 400 501 448 aptius
521 411 642 448 quam
659 400 744 448 ipse
762 410 835 447 per
852 398 1093 447 sapientiam
1110 395 1209 433 mihi
1227 409 1250 432 a
1267 394 1358 433 Deo

173 484 266 508 vero
279 471 470 508 donatam
482 469 715 508 destruam?
734 467 757 482 ’¹
810 467 1040 519 Statimque
1053 469 1211 506 abiecta
1222 480 1358 518 super-

172 544 336 580 stitione
366 544 569 587 vanitatis,
598 543 755 593 rogavit
782 541 857 579 sibi
884 554 1024 592 regem
1052 553 1163 578 arma
1191 540 1287 579 dare
1316 543 1359 577 et

174 627 323 664 equum
357 616 618 659 emissarium,
650 626 772 664 quem
806 613 1025 652 ascendens
1059 612 1111 650 ad
1147 610 1254 650 idola
1291 611 1359 650 de-

173 687 366 724 struenda
409 689 577 725 veniret.
632 685 722 723 Non
766 689 873 725 enim
914 685 1085 723 licuerat
1127 683 1358 735 pontificem

173 771 373 796 sacrorum
388 757 450 796 vel
465 771 575 795 arma
589 757 708 802 ferre,
722 757 786 796 vel
806 761 967 808 praeter
981 759 1022 794 in
1037 770 1141 807 equa
1162 758 1357 806 equitare.

174 831 387 867 Accinctus
415 844 511 881 ergo
537 830 671 881 gladio
698 831 855 880 accepit
878 829 1061 867 lanceam
1087 830 1127 865 in
1154 841 1290 872 manu,
1317 831 1360 866 et

175 903 393 940 ascendens
440 903 688 940 emissarium
733 902 853 952 regis,
898 901 1096 951 pergebat
1143 900 1195 937 ad
1238 898 1357 937 idola.

174 974 293 1020 Quod
331 977 525 1025 aspiciens
565 974 720 1026 vulgus,
759 974 1003 1012 aestimabat
1041 986 1134 1010 eum
1172 974 1358 1009 insanire.

175 1045 258 1084 Nec
292 1046 448 1084 distulit
478 1046 560 1091 ille,
588 1060 682 1083 mox
716 1050 762 1084 ut
795 1044 1090 1096 adpropiabatl
1124 1044 1176 1081 ad
1207 1044 1360 1088 fanum,

173 1119 384 1168 profanare
409 1118 522 1163 illud,
548 1121 696 1156 iniecta
720 1120 761 1155 in
786 1131 833 1156 eo
856 1116 998 1155 lancea
1023 1129 1143 1167 quam
1168 1116 1360 1154 tenebat:

174 1191 426 1241 multumque
463 1193 620 1241 gavisus
657 1190 707 1228 de
744 1192 949 1241 agnitione
984 1191 1066 1227 veri
1101 1188 1181 1227 Dei
1216 1187 1360 1234 cultus,

174 1264 288 1300 iussit
326 1264 440 1300 sociis
479 1263 688 1300 destruere
728 1275 773 1299 ac
811 1261 1053 1299 succendere
1091 1260 1232 1298 fanum
1269 1273 1360 1298 cum

175 1336 358 1372 omnibus
394 1336 519 1384 septis
555 1336 646 1371 suis.
703 1333 942 1372 Ostenditur
979 1337 1116 1371 autem
1149 1332 1259 1371 locus
1291 1331 1360 1371 ille

176 1406 378 1457 quondam
400 1405 596 1444 idolorum
620 1419 699 1443 non
721 1405 840 1457 longe
864 1407 915 1443 ab
938 1406 1121 1443 Ebur-aco
1145 1405 1196 1442 ad
1219 1404 1360 1442 Orien-

175 1484 274 1522 tem,
297 1478 403 1515 ultra
426 1492 586 1516 amnem
608 1477 968 1523 Dor-uventionem,
992 1482 1035 1516 et
1057 1481 1221 1515 vocatur
1240 1476 1360 1516 hodie

177 1549 626 1601 Godmunddingaham,
645 1551 713 1587 ubi
730 1549 914 1600 pontifex
930 1551 1016 1600 ipse
1033 1551 1253 1600 inspirante
1269 1548 1360 1588 Deo

178 1635 270 1659 vero
286 1622 429 1671 polluit
445 1635 489 1659 ac
506 1622 706 1659 destruxit
723 1635 789 1659 eas
805 1634 903 1672 quas
918 1624 1002 1672 ipse
1019 1625 1244 1659 sacraverat
1260 1635 1369 1659 aras.-

600 1723 613 1742 ¹
636 1723 689 1753 for
703 1720 890 1763 propiabat,
905 1722 959 1755 Pl.
