1473 2322
437 114 548 152 THE
584 115 914 153 VENERABLE
949 116 1097 154 BEDE

175 223 308 254 nostro
333 230 405 255 seu
430 231 502 268 per
527 217 719 268 linguam,
745 221 827 256 sive
852 232 925 269 per
949 232 1072 270 opera
1095 222 1356 258 reminisceris

173 280 401 332 deliquisse,
433 294 592 332 semper
623 281 723 320 haec
756 283 808 320 ad
838 286 1073 321 memoriam
1104 297 1279 329 revoces,
1310 290 1357 323 ut

172 351 407 396 surgentem
438 346 565 383 cordis
597 346 764 397 gloriam
794 350 988 385 memoria
1018 353 1153 386 reatus
1184 353 1354 399 premat.

173 409 227 446 Et
242 410 437 460 quidquid
453 410 503 448 de
519 409 710 448 faciendis
726 413 847 462 signis
864 414 1063 462 acceperis
1075 411 1139 450 vel
1154 415 1356 463 accepisti,

173 474 272 511 haec
296 487 377 511 non
403 475 477 511 tibi
504 474 576 512 sed
601 474 675 512 illis
702 475 873 525 deputes
900 475 1064 521 donata,
1090 489 1162 526 pro
1187 489 1356 527 quorum

175 539 245 574 tibi
268 537 397 576 salute
421 538 566 577 collata
588 538 722 577 sunt.''

612 656 727 695 CAP.
765 657 924 695 XXXII

303 743 352 781 Ut
378 742 605 780 Aedilbercto
630 743 709 794 regi
736 743 875 781 litteras
900 749 934 781 et
959 743 1057 781 dona
1084 743 1231 782 miserit.

224 828 351 866 stmr
367 829 475 867 idem
492 830 636 867 beatus
655 842 761 879 papa
779 829 994 880 Gregorius
1013 829 1156 868 eodem
1173 835 1355 880 tempore

174 895 297 931 etiam
323 895 409 944 regi
436 893 695 931 Aedilbercto
723 893 947 943 epistolam,
973 893 1091 931 simul
1117 899 1161 932 et
1186 894 1292 932 dona
1315 897 1357 931 in

172 958 335 995 diversis
371 958 580 1008 speciebus
616 957 824 1008 perplura:
873 957 1161 1008 temporalibus
1196 971 1356 1009 quoque

170 1020 386 1059 honoribus
425 1035 564 1073 regem
603 1021 823 1073 glorificare
863 1027 1065 1073 satagens,
1105 1024 1168 1060 cui
1206 1021 1356 1073 gloriae

172 1085 355 1124 caelestis
379 1099 451 1124 suo
474 1086 610 1124 labore
635 1092 678 1124 et
696 1086 892 1124 industria
915 1088 1103 1124 notitiam
1126 1089 1356 1137 provenisse

170 1150 389 1201 gaudebat.
443 1150 662 1201 Exemplar
682 1156 820 1189 autem
838 1149 1048 1201 praefatae
1069 1150 1262 1201 epistolae
1281 1150 1356 1188 hoe

172 1221 257 1253 est:

226 1278 249 1292 ‘⁴
269 1279 444 1317 Domino
455 1278 735 1330 gloriosissimo
749 1284 872 1329 atque
884 1279 1265 1329 praecellentissimo
1277 1278 1357 1317 filio

173 1343 430 1381 Aedilbercto
453 1346 539 1394 regi
563 1343 799 1394 Anglorum,
824 1343 1039 1394 Gregorius
1063 1345 1283 1394 episcopus.

224 1406 435 1458 “Propter
468 1407 544 1445 hoe
579 1410 832 1458 omnipotens
868 1407 981 1446 Deus
1015 1407 1140 1445 bonos
1176 1421 1356 1459 quosque

173 1473 223 1510 ad
242 1472 479 1522 populorum
498 1474 695 1523 regimina
713 1472 910 1522 perducit,
929 1477 976 1509 ut
994 1485 1068 1522 per
1086 1485 1153 1510 eos
1173 1472 1355 1510 omnibus

173 1537 315 1586 quibus
336 1536 505 1587 praelati
526 1536 689 1581 fuerint,
709 1537 815 1574 dona
834 1549 930 1574 suae
949 1538 1113 1586 pietatis
1132 1536 1353 1586 impendat.

172 1600 291 1647 Quod
318 1603 359 1638 in
388 1601 610 1652 Anglorum
639 1606 762 1651 gente
791 1600 944 1638 factum
972 1602 1251 1651 cognovimusz
1292 1603 1355 1638 cui

172 1671 305 1703 vestra
323 1664 449 1716 gloria
467 1665 611 1702 idcirco
632 1670 693 1702 est
711 1666 953 1715 praeposita,
972 1670 1019 1702 ut
1037 1677 1110 1715 per
1126 1665 1233 1702 bona
1251 1677 1356 1715 quae

171 1730 282 1767 vobis
319 1742 506 1767 concessa
542 1734 650 1773 sunt,
688 1732 811 1767 etiam
852 1729 1058 1767 subiectae
1094 1729 1204 1766 vobis
1241 1732 1354 1780 genti

172 1807 345 1843 superna
373 1793 569 1832 beneficia
598 1798 911 1843 praestarentur.
965 1793 1021 1830 Et
1049 1792 1155 1837 ideo,
1184 1791 1352 1844 gloriose

173 1857 240 1903 fili,
272 1871 362 1896 eam
394 1870 515 1908 quam
547 1859 735 1908 accepisti
765 1857 954 1895 divinitus
984 1859 1170 1908 gratiam,
1201 1856 1353 1895 solicita

172 1928 309 1960 mente
346 1922 515 1967 custodi,
551 1920 819 1960 Christianam
854 1920 974 1960 fidem
1011 1923 1052 1958 in
1087 1919 1243 1972 populis
1277 1921 1351 1960 tibi

174 2037 243 2074 168
