1473 2322
443 151 554 189 THE
589 150 919 189 VENERABLE
954 151 1100 190 BEDF.

648 286 764 325 OAP.
801 287 898 325 XIV

188 372 237 409 Ut
254 371 349 410 idem
370 371 528 411 Aeduini
547 386 627 410 cum
647 386 716 411 sua
732 372 978 425 gentefidelis
997 372 1189 425 sitfactus
1204 389 1223 418 ;
1255 379 1290 412 et
1307 373 1369 412 ubi

544 441 726 480 Paulinus
753 441 1003 494 baptizaverit.

233 526 376 565 IG1TUR
393 529 548 578 accepit
564 541 635 565 rex
652 527 828 565 Aeduini
844 541 935 565 cum
951 530 1104 565 cunctis
1121 529 1255 579 gentis
1271 541 1368 566 suae

182 579 393 625 nobilibus,
428 594 473 618 ac
506 580 625 631 plebe
658 580 904 631 perplurima
936 580 1058 619 fidem
1092 586 1136 619 et
1166 580 1368 619 lavacrum

181 638 345 672 sanctae
365 636 696 685 regenerationis,
717 648 821 672 anno
841 636 954 685 regni
974 637 1035 672 sui
1055 634 1281 679 undecimo,
1300 637 1368 685 qui

181 691 244 724 est
283 700 410 725 annus
451 687 687 725 Dominicae
727 689 1011 725 incarnationis
1050 690 1367 726 sexcentesimus

181 742 389 778 vicesimus
419 743 629 791 septimus,
660 741 711 778 ab
742 741 920 778 adventu
950 753 1044 778 vero
1074 740 1298 791 Anglorum
1327 743 1368 778 in

180 792 421 831 Brittaniam
455 807 582 831 annus
617 795 774 831 circiter
808 795 1051 832 centesimus
1086 796 1366 845 octogesimus.

180 846 415 896 Baptizatus
448 851 511 884 est
541 851 680 884 autem
711 847 884 884 Eburaci
915 847 980 885 die
1011 851 1151 884 sancto
1181 846 1368 897 paschae,

180 900 307 949 pridie
341 900 487 938 Iduum
521 899 733 950 Aprilium,
765 901 807 937 in
840 899 1008 938 ecclesia
1041 899 1152 938 Petri
1185 900 1368 950 apostoli,

181 966 302 1002 quam
322 954 472 991 ibidem
492 955 576 1003 ipse
597 954 648 991 de
667 953 777 1004 ligno
796 966 887 991 cum
907 952 1225 991 catechizaretur
1244 958 1368 1004 atque

182 1006 232 1044 ad
256 1007 559 1056 percipiendum
584 1008 785 1056 baptisma
808 1007 1072 1051 imbueretur,
1096 1009 1222 1044 citato
1246 1020 1368 1057 opere

181 1062 417 1097 construxit.
473 1059 521 1097 In
565 1073 645 1110 qua
689 1062 814 1097 etiarn
857 1062 1021 1098 civitate
1065 1061 1140 1110 ipsi
1156 1060 1171 1083 1
1215 1060 1367 1098 doctori

181 1117 304 1163 atque
328 1114 501 1150 antistiti
524 1126 595 1150 suo
619 1112 785 1150 Paulino
808 1113 947 1151 sedem
970 1114 1224 1163 episcopatus
1247 1114 1368 1151 dona-

181 1168 249 1203 vit.
306 1166 405 1204 Mox
422 1171 560 1204 autem
577 1170 623 1203 ut
638 1167 839 1216 baptisma
855 1170 1092 1204 consecutus
1109 1171 1185 1211 est,
1201 1169 1368 1211 curavit,

181 1220 352 1258 docente
388 1219 532 1257 eodem
568 1219 748 1263 Paulino,
782 1222 976 1257 maiorem
1010 1221 1095 1269 ipso
1129 1222 1171 1257 in
1203 1219 1290 1257 loco
1325 1225 1369 1258 et

181 1275 454 1324 augustiorem
482 1273 533 1311 de
560 1272 695 1322 lapide
722 1272 918 1311 fabricare
948 1272 1169 1317 basilicam,
1188 1274 1230 1310 in
1256 1275 1368 1311 cuius

180 1326 314 1364 medio
346 1328 478 1376 ipsum
512 1326 620 1376 quod
652 1328 761 1376 prius
793 1325 961 1370 fecerat,
995 1328 1213 1364 oratorium
1245 1326 1369 1364 inclu-

181 1380 357 1417 deretur.
413 1378 667 1429 Praeparatis
715 1392 812 1430 ergo
858 1379 1133 1417 fundamentis
1180 1381 1221 1417 in
1268 1393 1368 1431 gyro

181 1434 320 1481 prioris
348 1435 511 1470 oratorii
539 1446 611 1482 per
639 1432 837 1482 quadrum
864 1434 999 1482 coepit
1026 1432 1238 1471 aedificare
1265 1434 1369 1471 basi-

180 1486 309 1523 licam.
365 1485 445 1524 Sed
475 1487 708 1536 priusquam
739 1485 912 1523 altitudo
943 1487 1108 1535 parietis
1140 1490 1248 1524 esset
1277 1499 1369 1524 con-

182 1543 396 1583 summata,
414 1552 486 1577 rex
505 1541 591 1589 ipse
610 1541 733 1589 impia
751 1552 850 1577 nece
870 1541 1019 1576 occisus
1038 1552 1137 1589 opus
1156 1540 1265 1577 idem
1283 1552 1368 1577 suc-

182 1594 327 1630 cessori
349 1605 420 1630 suo
443 1592 620 1630 Osualdo
642 1592 931 1642 perficiendum
952 1592 1126 1642 reliquit.
1181 1591 1368 1631 Paulinus

183 1649 321 1684 autem
343 1658 394 1684 ex
417 1658 464 1683 eo
487 1650 670 1695 tempore
693 1658 764 1683 sex
787 1647 900 1682 annis
922 1647 1134 1690 continuis,
1155 1645 1197 1684 id
1219 1650 1295 1691 est,
1317 1646 1369 1684 ad

183 1699 303 1737 finem
317 1712 444 1748 usque
457 1701 614 1748 imperii
628 1701 732 1749 regis
745 1698 863 1743 illius,
878 1699 1043 1736 verbum
1056 1698 1150 1743 Dei,
1163 1699 1367 1737 adnuente

183 1765 227 1789 ac
251 1751 414 1789 favente
438 1754 538 1802 ipso,
558 1754 598 1788 in
623 1765 671 1789 ea
693 1753 896 1802 provincia
918 1752 1199 1802 praedicabat:
1233 1753 1368 1790 crede-

182 1806 362 1855 bantque
399 1809 442 1842 et
477 1806 789 1855 baptizabantur
824 1809 1025 1855 quotquot
1060 1809 1175 1843 erant
1209 1818 1368 1855 praeor-

183 1859 309 1895 dinati
331 1858 382 1896 ad
401 1860 525 1895 vitam
546 1862 777 1902 aeternam3
810 1860 851 1895 in
871 1859 1014 1908 quibus
1035 1862 1151 1895 erant
1170 1857 1307 1896 Osfrid
1325 1863 1368 1897 et

652 1943 664 1962 ¹
687 1943 741 1974 for
757 1942 840 1983 ipse,
858 1942 909 1974 Pl.

209 2074 255 2111 88
497 2029 508 2047 ¹
532 2028 656 2060 Easter
672 2028 757 2066 Eve,
775 2028 910 2070 Bright,
928 2039 962 2071 p.
983 2030 1056 2061 118.

186 2085 203 2111 2
