1473 2322
379 156 492 194 THE
533 155 790 193 VENERAB
796 156 866 193 LE
901 155 1049 194 BEDE

113 257 245 296 officiis
272 262 429 296 vestrae
455 257 650 308 gloriosae
676 257 971 297 Christianitati
995 263 1173 297 nostram
1198 272 1303 296 com-

113 321 376 357 monitionem
406 319 517 356 nonl
550 319 776 358 distulimus
808 320 1117 364 conferendam3
1163 319 1304 358 adhor-

113 385 263 424 tantes,
296 385 496 430 quatenus
530 381 689 419 divinae
721 383 991 431 inspirationis
1024 382 1181 419 imbuta
1212 381 1304 419 sub-

113 441 235 486 sidiis,
251 443 481 492 importune
500 446 543 480 et
559 447 786 492 opportune
804 443 1008 493 agendum
1025 456 1105 479 non
1123 441 1304 480 differas:

114 507 160 540 ut
197 508 240 541 et
276 505 362 553 ipse
399 502 615 542 Salvatoris
653 506 778 542 nostri
817 504 981 541 Domini
1018 504 1119 543 Jesu
1157 503 1303 541 Christi

114 570 355 615 cooperante
367 567 553 615 potentia
565 564 882 603 Christianorum
893 579 1060 603 numero
1073 564 1283 615 copuletur
1296 577 1305 608 3

115 631 157 664 et
177 627 345 676 perinde
367 629 612 665 intemerato
635 628 840 665 societatis
863 626 1029 665 foedere
1052 630 1140 664 iura
1161 631 1303 665 teneas

112 686 304 725 maritalis
331 689 531 725 consortii.
587 686 788 737 Scriptum
815 701 991 738 namque
1019 692 1104 726 est:
1146 687 1154 701 ⁶
1174 687 1306 725 Erunt

113 747 192 785 duo
230 751 272 785 in
310 762 430 787 carne
469 747 577 786 una.’
631 748 843 795 Quomodo
884 763 980 800 ergo
1020 751 1153 787 unitas
1193 749 1304 787 vobis

114 812 400 848 coniunctionis
433 812 564 848 inesse
597 810 673 847 dici
704 812 870 860 poterit,
901 812 934 848 si
965 823 990 848 a
1020 815 1179 849 vestrae
1211 810 1306 849 fidei

112 870 324 921 splendore
364 874 610 922 interpositis
651 871 904 910 detestabilis
945 875 1086 911 erroris
1126 872 1305 911 tenebris

114 933 178 971 ille
204 936 444 972 remanserit
468 933 649 972 alienus?

164 994 186 1007 ‘¹
206 994 327 1033 Unde
354 997 524 1032 orationi
551 997 766 1033 continuae
791 999 995 1040 insistens,
1021 1010 1045 1033 a
1067 995 1304 1047 longanimi-

115 1061 200 1094 tate
227 1056 411 1095 caelestis
438 1055 679 1095 clementiae
705 1057 1006 1096 illuminationis
1033 1060 1155 1109 ipsius
1182 1059 1304 1095 bene-

116 1118 201 1155 ficia
222 1120 441 1168 impetrare
463 1131 542 1156 non
566 1115 748 1157 desinas:
784 1123 832 1157 ut
853 1119 1042 1158 videlicet
1064 1133 1162 1170 quos
1185 1132 1305 1169 copu-

114 1179 209 1217 latio
248 1179 415 1218 carnalis
455 1179 622 1219 affectus
662 1194 787 1218 unum
826 1181 1122 1232 quodammodo
1161 1194 1303 1231 corpus

115 1240 342 1280 exhibuisse
390 1246 651 1287 monstratur,
699 1241 770 1281 hos
819 1256 980 1293 quoque
1028 1244 1161 1280 unitas
1209 1241 1301 1280 fidei

115 1305 238 1340 etiam
251 1307 343 1353 post
357 1302 474 1341 huius
489 1306 596 1341 vitae
611 1306 827 1342 transitum
841 1306 883 1340 in
895 1308 1096 1354 perpetua
1109 1305 1304 1341 societate

113 1370 335 1404 conservet.
391 1364 537 1404 Insiste
575 1379 685 1416 ergo,
722 1365 893 1416 gloriosa
929 1365 1023 1410 filia,
1060 1369 1104 1404 et
1138 1367 1303 1404 summis

113 1428 321 1465 conatibus
348 1427 539 1465 duritiam
566 1427 693 1465 cordis
719 1429 842 1477 ipsius
869 1427 1056 1478 religiosa
1081 1427 1305 1464 divinorum

114 1493 422 1538 praeceptorum
438 1490 709 1526 insinuatione
726 1488 880 1526 mollire
897 1501 1151 1539 summopere
1170 1488 1306 1526 dema-

114 1554 227 1587 tura:
274 1550 490 1588 infundens
523 1550 706 1588 sensibus
741 1552 840 1595 eius,
874 1555 1072 1600 quantum
1105 1552 1158 1588 sit
1190 1562 1305 1600 prae-

113 1609 264 1648 clarum
293 1611 402 1661 quod
429 1611 630 1649 credendo
659 1613 870 1661 suscepisti
897 1613 1151 1662 mysterium,
1180 1623 1305 1662 quan-

114 1677 252 1711 tumve
284 1675 338 1711 sit
371 1672 605 1710 admirabile
639 1672 748 1723 quod
780 1677 923 1711 renata
955 1675 1180 1723 praemium
1212 1685 1305 1710 con-

113 1736 226 1784 sequi
268 1736 462 1772 meruisti.
519 1734 801 1785 Frigiditatem
842 1735 970 1773 cordis
1011 1736 1135 1784 ipsius
1176 1736 1304 1772 sancti

114 1794 282 1845 Spiritus
312 1795 621 1833 adnuntiatione
649 1796 848 1834 succende
887 1808 897 1840 ς
939 1801 1140 1846 quatenus
1170 1799 1305 1832 amoto

114 1861 275 1907 torpore
316 1858 636 1907 perniciosissimi
678 1856 822 1902 cultus,
863 1857 1022 1895 divinae
1064 1856 1157 1894 fidei
1199 1855 1305 1893 calor

603 1941 616 1961 ²
639 1941 694 1973 for
710 1952 779 1979 nec,
796 1941 849 1974 Pl.

598 2027 612 2047 ²
636 2026 721 2058 Gen.
739 2027 775 2058 ii.
794 2028 849 2058 24.

115 2073 185 2109 266
