1473 2322
93 385 347 427 BAEDAE
388 385 694 426 HISTORIA
736 385 1214 427 ECCLESIASTICA

154 653 217 676 CAR

150 926 156 931 ⁴
187 951 233 982 ΙΙ.

168 1053 234 1083 ΙΙΙ.

176 1282 234 1313 IV.

176 1528 234 1557 vl.

156 1628 234 1659 VII.

137 1772 234 1803 VIII.

171 1915 235 1948 IX.

338 443 565 484 GENTIS
608 442 962 484 ANGLORUM

294 548 567 583 HISTORIAE
601 548 1009 582 EGOLESIASTIOAE

393 595 655 629 ELENCHUS
689 595 908 629 CAPITUM

259 697 434 730 Praefatio
456 698 592 729 Baedae
613 699 659 729 ad
680 698 809 739 Regem
830 697 1046 729 Ceoluulfum

548 789 691 821 LIBER
724 789 740 820 1

226 873 234 881 .
260 850 310 881 De
336 849 406 880 situ
432 849 627 880 Brittaniae
654 848 708 880 vel
734 848 933 885 Hiberniae,
960 851 996 880 et
1022 849 1140 890 priscis

301 902 419 923 earum
435 892 555 923 incolis
573 916 579 923 .

259 950 309 982 Ut
345 950 556 982 Brittaniam
593 951 723 991 primus
759 950 997 982 Romanorum
1034 950 1140 982 Gaius

303 993 411 1024 Iulius
427 994 551 1025 adierit
568 994 690 1032 [55-54
709 994 792 1033 B.c.]

260 1052 309 1083 Ut
339 1052 484 1083 eandem
511 1052 682 1083 secundus
714 1052 951 1083 Romanorum
977 1052 1140 1084 Claudius

303 1095 432 1131 adiens,
455 1094 606 1126 Orcadas
625 1095 732 1125 etiam
752 1095 881 1126 insulas
902 1095 1060 1125 Romano
1080 1095 1139 1126 ad-

302 1138 420 1168 iecerit
439 1137 601 1178 imperio3
637 1137 703 1168 Sed
724 1140 760 1168 ct
781 1137 1012 1178 Vespasianus
1033 1138 1078 1168 ab
1098 1148 1138 1169 eo

303 1181 437 1215 missus,
464 1180 608 1211 Vectam
635 1190 772 1220 quoque
797 1180 946 1211 insula-m
972 1180 1139 1211 Romanis

302 1223 495 1254 subdiderit
511 1223 598 1262 [A.D.
616 1224 673 1262 43]

259 1281 308 1313 Ut
333 1281 458 1312 Lucius
484 1282 723 1312 Brittanorum
748 1292 808 1312 rex
833 1282 944 1313 missis
968 1282 1013 1313 ad
1038 1282 1139 1313 Eleu-

302 1323 442 1398 th‘ffm‘z
466 1334 592 1365 papam
616 1324 725 1355 literis
750 1324 984 1356 Christianum
1009 1335 1044 1356 se
1069 1325 1140 1356 fieri

304 1377 344 1408 pe
364 1377 424 1397 ieri
465 1391 471 1398 .

227 1450 233 1456 .
258 1425 308 1457 Ut
321 1426 466 1457 Severus
479 1428 652 1467 receptam
667 1426 860 1457 Brittaniae
874 1429 1008 1467 partem
1020 1427 1109 1457 vallo
1121 1437 1141 1457 a

303 1471 417 1499 cetera
434 1469 632 1499 distinxerit
649 1469 830 1508 [193-211]

260 1528 310 1558 De
328 1527 470 1568 irnperio
489 1527 708 1563 Diocletiani,
727 1530 762 1558 et
780 1530 820 1558 ut
837 1527 1049 1559 Christianos
1069 1539 1139 1569 per-

303 1573 441 1600 secutus
457 1570 502 1600 sit
519 1570 700 1609 [284—305]

259 1628 378 1660 Passio
407 1629 519 1659 sancti
547 1628 674 1659 Albani
703 1632 739 1660 et
768 1630 938 1660 sociorum
967 1630 1051 1664 eius,
1082 1630 1139 1669 qui

302 1671 423 1745 ἓοὲεω
454 1674 612 1744 ¹tempore
649 1682 711 1713 pro
749 1672 898 1703 Domino
935 1673 1136 1713 sanguinem

320 1724 341 1745 u
367 1724 451 1744 erun

260 1771 310 1803 Ut
327 1771 391 1803 hac
409 1775 565 1803 cessante
580 1773 828 1814 persecutione,
842 1773 984 1804 ecclesia
1002 1774 1034 1804 in
1052 1774 1140 1804 Brit-

303 1815 409 1846 taniis
450 1815 704 1855 aliquantulam
747 1826 854 1856 usque
897 1816 941 1846 ad
983 1819 1141 1857 tempora

303 1857 469 1889 Arrianae
486 1858 645 1889 vesaniae
656 1869 776 1899 pacem
788 1858 948 1889 habuerit
960 1859 1141 1898 [305—325]

260 1915 310 1947 Ut
335 1918 500 1956 regnante
523 1915 690 1948 Gratiano
713 1916 885 1947 Maximus
908 1917 943 1948 in
968 1918 1141 1948 Brittania

303 1958 492 1999 imperator
528 1962 664 1990 creatus
703 1969 782 1990 cum
821 1969 946 2000 magno
985 1961 1137 1991 exercitu

305 1999 452 2032 Galliam
469 2001 608 2033 redierit
624 2002 805 2041 [379-383]

1170 652 1248 674 PAGE

1209 1716 1246 1746 34

1209 1861 1247 1889 44

1209 2004 1250 2032 43
