1473 2322
433 175 545 212 THE
579 173 910 212 VENERABLE
945 173 1092 212 BEDE

172 275 281 325 quod
300 274 433 312 eidem
463 273 588 311 Paulo
610 274 779 312 Iacobus
801 276 879 311 ait:
915 273 924 287 ‘
943 274 1080 320 Vides,
1100 274 1240 320 frater,
1260 281 1360 326 quot

170 328 295 365 millia
317 334 412 365 sunt
433 330 474 365 in
499 327 659 365 Iudaeis
683 331 751 378 qui
774 328 1055 373 crediderunt3
1093 334 1136 366 et
1158 342 1296 366 omnes
1319 328 1359 366 hi

173 381 440 419 aemulatores
472 387 567 418 sunt
597 381 725 431 legis.’
779 382 864 419 Nec
896 387 1035 419 tamen
1066 381 1185 419 hodie
1217 382 1360 420 clares-

171 441 291 472 cente
313 449 386 485 per
406 435 602 472 mundum
626 435 835 484 evangelio
857 448 1020 473 necesse
1045 441 1121 480 est,
1143 438 1264 473 immo
1286 449 1360 474 nec

172 489 325 525 licitum
367 488 551 526 fidelibus
592 488 655 526 vel
694 489 936 534 circumcidi,
976 488 1040 526 vel
1079 488 1229 526 hostias
1269 489 1360 527 Deo

172 545 424 579 victimarum
477 541 618 580 offerre
672 542 903 579 carnalium.
959 542 1105 592 Itaque
1160 542 1360 581 Iohannes

172 596 393 634 secundum
426 595 527 646 legis
560 596 894 634 consuetudinem
929 602 1073 645 quarta
1107 596 1262 634 decima
1295 597 1359 635 dje

172 652 319 687 mensis
346 652 462 699 primi
490 650 542 687 ad
567 663 777 699 vesperam
802 651 1022 699 incipiebat
1047 649 1360 689 celebrationem

172 703 265 741 festi
283 702 494 753 paschalis,
511 702 564 740 nil
582 716 724 740 curans
743 709 878 740 utrum
896 703 995 741 haec
1013 704 1197 749 sabbato,
1215 718 1266 742 an
1283 704 1361 742 alia

173 757 356 807 qualibet
398 756 499 794 feria
542 760 785 806 proveniret.
840 758 897 794 At
942 770 1035 795 vero
1081 756 1224 795 Petrus
1269 771 1360 795 cum

174 810 327 848 Romae
366 811 634 860 praedicaret,
671 824 827 848 memor
864 813 959 860 quia
998 811 1195 848 Dominus
1233 814 1362 861 prima

173 865 332 902 sabbati
356 867 576 902 resurrexit
600 877 623 900 a
646 867 828 908 mortuis,
853 877 898 901 ac
921 865 1072 902 mundo
1097 878 1210 914 spem
1233 879 1362 903 resur-

173 920 360 955 rectionis
380 917 566 962 contulit,
585 920 642 954 ita
663 917 811 967 pascha
831 917 1060 955 faciendum
1080 918 1296 964 intellexit,
1316 925 1362 957 ut

173 972 395 1009 secundum
422 972 757 1009 consuetudinem
786 985 831 1008 36
858 978 1077 1021 praecepta
1103 972 1218 1022 legis,
1246 986 1362 1023 quar-

174 1032 260 1062 tam
304 1026 502 1063 decimam
543 1024 680 1062 lunam
723 1028 839 1075 primi
881 1028 1044 1070 mensis,
1087 1039 1217 1076 aeque
1259 1029 1362 1065 sicut

175 1079 389 1123 Iohannes,
404 1082 602 1116 orientem
618 1079 669 1116 ad
685 1092 893 1128 vesperam
908 1092 1068 1129 semper
1083 1086 1361 1130 exspectaret:

176 1139 218 1171 et
247 1133 322 1170 hac
352 1139 508 1178 exorta,
537 1136 568 1170 si
600 1132 813 1170 Dominica
842 1133 942 1178 dies,
973 1146 1077 1183 quae
1107 1139 1204 1171 tunc
1234 1137 1363 1184 prima

174 1187 332 1224 sabbati
350 1187 582 1231 vocabatur,
599 1192 687 1224 erat
702 1200 820 1224 mane
837 1193 1022 1231 ventura,
1038 1190 1077 1224 in
1094 1190 1180 1237 ipsa
1195 1201 1363 1238 vespera

174 1240 322 1291 pascha
343 1240 599 1277 Dominicum
621 1240 825 1278 celebrare
846 1241 1079 1290 incipiebat,
1099 1242 1299 1291 quomodo
1320 1248 1363 1281 et

174 1308 246 1331 nos
266 1294 385 1332 hodie
406 1294 539 1332 facere
560 1293 746 1332 solemus.
801 1294 869 1332 Sin
891 1300 1029 1332 autem
1049 1294 1263 1333 Dominica
1282 1310 1362 1334 non

174 1351 356 1398 proximo
386 1361 506 1386 mane
538 1353 630 1398 post
660 1347 797 1385 lunam
829 1354 1016 1397 quartam
1047 1348 1259 1394 decimam,
1291 1350 1363 1388 sed

174 1408 292 1439 sexta
314 1402 484 1446 decima,
507 1407 579 1439 aut
600 1404 775 1451 septima
796 1402 966 1446 decima,
989 1408 1061 1439 aut
1083 1402 1160 1439 alia
1181 1403 1363 1453 qualibet

173 1456 282 1501 luna,
317 1469 444 1505 usque
481 1455 532 1492 ad
566 1458 795 1493 vicesimam
830 1458 1000 1504 primam
1036 1462 1143 1494 esset
1178 1463 1362 1503 ventura,

175 1510 441 1559 exspectabat
470 1523 578 1553 eum,
603 1515 646 1546 et
668 1510 939 1559 praecedente
968 1510 1153 1555 sabbato,
1181 1524 1362 1560 vespere,

175 1569 427 1601 sacrosancta
468 1562 641 1612 paschae
682 1563 891 1600 sollemnia
932 1563 1170 1607 inchoabat3
1225 1567 1362 1615 sicque

176 1618 314 1661 fiebat,
344 1622 391 1654 ut
419 1617 634 1654 Dominica
662 1616 835 1666 paschae
866 1617 950 1654 dies
981 1620 1137 1654 nonnisi
1167 1631 1191 1654 a
1221 1621 1363 1668 quinta

174 1672 330 1709 decima
348 1670 445 1707 luna
464 1684 591 1720 usque
613 1670 664 1708 ad
683 1673 912 1708 vicesimam
932 1673 1101 1719 primam
1121 1678 1360 1710 servaretur.

175 1725 318 1775 Neque
343 1724 444 1762 haec
470 1723 702 1774 evangelica
728 1731 770 1762 et
796 1723 1014 1774 apostolica
1038 1725 1203 1762 traditio
1226 1725 1361 1776 legem

219 1886 225 1903 ¹
252 1884 338 1915 Acts
353 1884 425 1915 xxi.
441 1885 495 1915 20.

218 1929 232 1948 ²
254 1927 325 1958 The
338 1927 474 1958 Roman
487 1925 632 1957 Pascha]
646 1929 775 1967 system
789 1926 858 1958 had
871 1929 934 1958 not
945 1927 1074 1968 always
1085 1926 1171 1958 been
1183 1927 1243 1959 the
1255 1938 1359 1960 same.

174 1969 284 2001 Rome
306 1970 373 2001 had
396 1969 527 2000 altered
550 1969 610 2000 her
631 1970 725 2010 cycle
747 1969 816 2000 and
841 1969 899 2000 her
921 1970 1066 2001 Paschal
1090 1970 1209 2002 limits.
1254 1970 1302 2002 As
1323 1974 1360 2003 to

173 2013 224 2044 St.
251 2013 381 2044 Peter's
406 2012 625 2048 observance,
652 2012 788 2047 Wilfrid
813 2023 894 2056 says
918 2013 972 2045 far
997 2023 1090 2045 more
1116 2013 1203 2046 than
1228 2023 1293 2048 can
1319 2013 1360 2046 be

175 2055 323 2093 verified²
370 2055 504 2098 Bright,
522 2066 556 2098 p.
573 2057 626 2089 81.

172 2113 243 2160 46,ss
