1473 2322
420 144 531 180 THE
568 142 899 181 VENERABLE
934 143 1082 181 BEDE

158 251 301 291 sancti,
337 250 402 284 cui
440 247 506 284 ille
544 248 829 297 participabat,
868 261 955 285 esse
992 249 1232 297 participes:
1283 249 1344 284 sin

159 313 296 346 autem
313 308 516 345 lavacrum
535 311 643 347 vitae
662 312 936 354 contemnitis,
953 309 1183 347 nullatenus
1203 308 1345 346 valetis

157 383 305 420 panem
357 372 465 408 vitae
515 370 768 421 percipere.''
835 372 892 408 At
943 370 1013 415 illi,
1065 370 1088 384 “
1108 369 1346 414 Nolumus,’'

157 434 360 482 inquiunt,
385 431 409 445 ‘⁶
428 432 585 470 fontem
609 432 721 470 illum
745 435 912 477 intrare,
937 435 1031 483 quia
1056 446 1130 470 nec
1155 445 1254 482 opus
1279 431 1347 474 illo

160 508 230 532 nos
270 493 421 532 habere
460 496 658 539 novimus,
697 494 770 532 sed
807 499 947 532 tamen
986 507 1092 544 pane
1132 493 1198 532 illo
1238 492 1346 531 refici

160 555 385 594 volumus.”
453 556 637 606 Cumque
678 555 896 607 diligenter
937 569 983 593 ac
1023 569 1146 606 saepe
1188 555 1239 592 ab
1279 554 1346 591 illo

158 622 295 656 essent
306 618 517 662 admoniti,
530 631 788 668 nequaquam
800 617 884 654 ita1
901 617 986 655 fieri
999 630 1115 667 posse
1129 622 1175 654 ut
1192 618 1345 667 absque

156 681 397 730 purgatione
431 683 686 718 sacrosancta
718 681 806 729 quis
840 679 1034 716 oblationi
1066 683 1345 717 sacrosanctae

155 744 484 785 communicaret,
504 741 557 779 ad
575 740 763 778 ultimum
781 740 915 778 furore
935 742 1139 785 commoti,
1159 740 1324 777 aiebant
1338 752 1347 760 ·

159 803 180 816 “
200 802 241 840 Si
260 817 340 840 non
359 805 416 841 vis
437 803 640 840 adsentire
661 803 774 839 nobis
794 804 835 839 in
853 806 940 838 tam
958 800 1065 839 facili
1084 814 1204 839 causa
1223 814 1345 852 quam

157 867 348 914 petimus,
399 878 479 901 non
529 866 681 914 poteris
732 866 813 900 iam
863 865 905 900 in
955 867 1093 901 nostra
1142 865 1347 913 provincia

158 924 400 964 demorari.’'
453 925 508 962 Et
540 924 785 975 expulerunt
817 938 924 969 eum,
957 937 1002 961 ac
1034 925 1084 962 de
1117 938 1188 963 suo
1220 937 1346 975 regno

160 1001 250 1025 cum
269 990 349 1025 suis
370 988 480 1025 abire
500 990 716 1025 iusserunt.

208 1048 287 1096 Qui
306 1048 496 1098 expulsus
514 1049 623 1093 inde,
641 1050 753 1086 venit
770 1048 972 1094 Cantiam,
988 1053 1237 1087 tractaturus
1254 1062 1346 1086 cum

158 1111 379 1149 Laurentio
414 1115 458 1149 et
493 1110 606 1148 Iusto
641 1113 901 1161 coepiscopis,
936 1111 1034 1161 quid
1067 1113 1108 1148 in
1142 1109 1202 1149 his
1239 1114 1348 1148 esset

156 1173 373 1223 agendum.
426 1171 734 1223 Decretumque
754 1177 817 1210 est
835 1175 1037 1210 communi
1056 1172 1233 1217 consilio,
1252 1173 1347 1222 quia

158 1236 284 1272 satius
311 1237 419 1271 esset
444 1237 491 1270 ut
517 1246 656 1271 omnes
681 1236 856 1283 patriam
881 1234 1116 1279 redeuntes,
1138 1233 1267 1271 libera
1291 1233 1347 1271 ibi

156 1299 295 1333 mente
316 1295 491 1332 Domino
510 1295 776 1340 deservirent,
795 1308 917 1346 quam
936 1298 1043 1333 inter
1060 1294 1233 1334 rebelles
1252 1294 1348 1333 fidei

157 1357 346 1394 barbaros
370 1359 455 1394 sine
482 1356 617 1394 fructu
642 1357 879 1395 residerent.
947 1356 1181 1395 Discessere
1205 1359 1347 1407 itaque

157 1421 285 1467 primo
317 1417 500 1456 Mellitus
530 1431 576 1455 ac
606 1417 756 1463 Iustus,
787 1423 912 1468 atque
942 1418 994 1456 ad
1021 1423 1159 1469 partes
1189 1417 1346 1456 Galliae

156 1493 372 1525 secessere,
401 1480 456 1517 ibi
485 1493 620 1517 rerum
649 1480 771 1518 finem
801 1484 1039 1530 exspectare
1069 1481 1345 1530 disponentes.

156 1541 237 1579 Sed
259 1555 339 1579 non
362 1541 491 1579 multo
514 1547 700 1592 tempore
723 1556 841 1593 reges
858 1542 873 1565 ²
897 1544 966 1593 qui
988 1555 1232 1592 praeconem
1255 1555 1279 1579 a
1301 1555 1345 1579 se

158 1605 338 1641 veritatis
389 1602 644 1653 expulerant,
687 1603 931 1642 daemonicis
968 1603 1142 1641 cultibus
1180 1605 1345 1653 impune

155 1665 399 1702 serviebant.
455 1664 559 1701 Nam
576 1667 727 1715 egressi
744 1670 884 1702 contra
899 1669 1068 1716 gentem
1085 1665 1345 1703 Geuissorum

156 1730 196 1763 in
207 1726 419 1776 praelium,
432 1739 571 1763 omnes
583 1728 736 1776 pariter
750 1739 842 1764 cum
854 1740 928 1765 sua
938 1726 1083 1763 militia
1095 1730 1344 1770 corruerunt,

158 1800 244 1831 nec,
269 1786 367 1825 licet
393 1788 624 1824 auctoribus
650 1787 835 1836 perditis,
863 1790 1087 1825 excitatum
1115 1787 1165 1823 ad
1193 1785 1345 1824 scelera

331 1886 344 1905 1
372 1886 426 1922 ita,
443 1885 495 1917 Pl.
920 1888 931 1905 ²
955 1896 1050 1927 reyes,
1069 1886 1120 1917 Pl.

410 1995 424 2015 ²
447 1994 562 2026 Tribal
581 2005 681 2026 name
700 1995 735 2027 of
752 1995 811 2027 the
831 1996 926 2028 West
943 1995 1086 2028 Saxona.

156 2069 226 2104 230
