1473 2322
429 133 539 170 THE
577 130 908 170 VENERABLE
944 131 1092 169 BEDE

166 239 391 286 principum
418 235 613 273 mandata
640 235 852 273 adversum
872 233 1119 271 Christianos
1138 235 1353 277 saevirent,

164 297 352 336 clericum
382 297 586 347 quendam
614 301 893 347 persecutores
922 294 1150 346 fugientem
1179 294 1353 345 hospitio

165 362 340 409 recepit:
380 372 502 409 quem
526 358 622 395 dum
647 358 894 395 orationibus
918 359 1117 394 continuis
1142 369 1188 394 ac
1211 355 1354 407 vigiliis

164 422 230 458 die
271 426 475 470 noctuque
517 420 682 458 studere
723 421 988 469 conspiceret,
1029 419 1163 456 subito
1205 417 1354 455 Divina

164 485 295 533 gratia
329 487 537 531 respectus
573 480 806 531 exemplum
841 480 936 518 fidei
970 493 1016 517 ac
1049 481 1216 531 pietatis
1251 478 1354 517 illius

165 547 299 594 coepit
328 543 534 587 aemulari,
555 556 600 580 ac
619 542 861 580 salutaribus
891 544 976 580 eius
1006 541 1355 580 exhortationibus

164 605 361 656 paulatim
390 605 571 649 edoctus,
598 604 748 643 relictis
775 603 986 642 idolatriae
1006 604 1185 641 tenebris
1205 602 1356 640 Christ-

167 671 281 705 ianus
296 670 455 718 integro
472 680 522 705 ex
537 667 657 705 corde
673 665 804 704 factus
820 672 896 704 est.
951 666 1134 716 Cumque
1149 663 1356 716 praefatus

167 729 331 768 clericus
380 729 534 779 aliquot
581 729 724 766 diebus
773 728 882 778 apud
930 741 1023 766 eum
1069 727 1357 777 hospitaretur,

166 794 353 843 pervenit
396 792 447 829 ad
490 804 606 829 aures
649 789 815 828 nefandi
857 791 1048 840 principis
1086 787 1359 827 confessorem

168 853 316 891 Christi
338 856 401 890 cui
424 853 598 890 necdum
626 851 762 890 fuerat
783 851 892 889 locus
915 853 1099 903 martyrii
1121 851 1357 901 deputatus,

168 928 292 966 penes
320 915 525 952 Albanum
552 914 695 952 latere.
750 913 871 951 Unde
899 915 1039 951 statim
1067 915 1183 950 iussit
1208 911 1357 950 milites

169 990 263 1015 eum
295 976 528 1027 diligentius
560 978 775 1025 inquirere.
829 974 911 1022 Qui
942 988 1034 1012 cum
1067 974 1118 1012 ad
1150 976 1357 1025 tugurium

170 1040 357 1089 martyris
383 1040 676 1088 pervenissent,
701 1050 795 1074 mox
822 1050 865 1075 se
891 1042 1054 1074 sanctus
1080 1035 1261 1073 Albanus
1285 1048 1358 1086 pro

168 1100 327 1150 hospite
344 1113 390 1137 ac
405 1102 599 1150 magistro
615 1112 702 1143 suo,
717 1101 839 1149 ipsius
856 1098 1013 1142 habitu,
1029 1098 1070 1136 id
1087 1103 1151 1136 est
1165 1096 1358 1135 caracalla

174 1175 254 1212 qua
268 1162 519 1200 vestiebatur
538 1161 718 1205 indutus,
732 1160 928 1198 militibus
949 1159 1147 1205 exhibuit,
1163 1165 1287 1210 atque
1307 1159 1356 1197 ad

172 1225 346 1261 iudicem
366 1226 522 1260 vinctus
542 1223 761 1273 perductus
782 1228 858 1260 est.

222 1286 405 1336 Contigit
443 1290 581 1322 autem
618 1284 793 1322 iudicem
831 1297 881 1322 ea
917 1283 1017 1321 hora
1053 1296 1134 1333 qua
1176 1283 1228 1321 ad
1266 1296 1357 1321 eum

171 1347 352 1384 Albanus
382 1346 674 1390 adducebatur,
698 1348 775 1383 aris
806 1346 1002 1383 adsistere
1026 1358 1072 1382 ac
1096 1345 1358 1382 daemonibus

171 1409 322 1446 hostias
363 1407 518 1446 offerre.
573 1407 757 1458 Cumque
798 1408 965 1445 vidisset
1005 1406 1225 1451 Albanum,
1264 1419 1358 1443 mox

172 1472 230 1507 ira
259 1483 471 1508 succensus
501 1472 625 1507 nimia
654 1470 763 1520 quod
792 1482 835 1506 se
864 1468 932 1507 ille
962 1468 1068 1506 ultro
1097 1481 1169 1519 pro
1199 1467 1360 1518 hospite

173 1546 294 1583 quem
317 1537 551 1582 susceperat
572 1531 766 1568 militibus
789 1529 931 1569 offerre
956 1543 1001 1568 ac
1024 1530 1240 1568 discrimini
1263 1529 1360 1568 dare

172 1596 521 1645 praesumpsisset,
567 1594 619 1631 ad
668 1592 880 1630 simulacra
926 1593 1169 1630 daemonum
1216 1592 1360 1642 quibus

175 1657 399 1694 adsistebat
430 1670 523 1694 eum
553 1658 668 1693 iussit
697 1654 901 1705 pertrahi:
946 1653 969 1667 ‘²
988 1653 1095 1701 Quia
1124 1651 1360 1698 rebellem,’'

174 1720 373 1768 inquiens,
415 1716 504 1754 “ac
547 1716 786 1767 sacrilegum
829 1715 960 1754 celare
1003 1729 1125 1766 quam
1166 1714 1361 1752 militibus

175 1780 345 1818 reddere
383 1778 576 1823 maluisti,
615 1784 663 1815 ut
701 1783 959 1828 contemptor
997 1777 1134 1815 divum
1172 1779 1361 1815 meritam

174 1840 447 1891 blasphemiae
480 1853 578 1877 suae
610 1852 783 1890 poenam
814 1839 961 1884 lueret,
994 1851 1273 1889 quaecumque
1304 1837 1361 1875 illi

226 1937 239 1956 ¹
267 1935 372 1968 Vestis
396 1936 583 1968 clericorum
609 1935 735 1971 talaris,
762 1934 936 1975 Ducange.
981 1934 1054 1965 The
1078 1943 1190 1971 name,
1216 1932 1360 1974 Amphi-

181 1978 279 2011 balus
296 1978 438 2018 (cloak)‚
453 1979 555 2020 given
572 1981 609 2010 to
626 1977 686 2009 the
701 1977 848 2018 fugitive
865 1977 900 2008 in
915 1977 975 2008 the
991 1977 1093 2008 Lives
1109 1976 1144 2008 of
1167 1976 1218 2009 St.
1234 1975 1360 2014 Alban,

180 2031 263 2062 may
278 2020 321 2053 bo
336 2020 404 2053 due
420 2024 458 2053 to
475 2021 534 2053 the
552 2023 649 2062 story
666 2020 702 2052 of
716 2020 777 2051 the
794 2019 924 2061 change
939 2019 976 2051 of
989 2021 1160 2061 garment.

181 2066 225 2114 36
