1473 2322
441 118 552 157 THE
589 118 918 158 VENERABLE
953 120 1101 158 BEDE

185 229 324 261 tamen
354 225 409 261 eis
439 235 605 261 necesse
634 229 698 261 est
725 222 922 261 honorum
951 223 1148 262 beneficia
1176 226 1370 271 tribuere,

185 293 232 325 ut
245 290 286 324 in
301 287 490 336 spiritalis
505 290 636 337 operis
651 288 786 324 studio
802 301 852 325 ex
867 291 1193 327 remuneratione
1207 289 1371 327 valeant

184 350 443 399 multiplicius
492 350 693 388 insudare.
747 350 802 388 Et
851 353 947 401 quia
994 364 1098 388 nova
1147 352 1370 402 Anglorum

184 414 352 452 ecclesia
368 414 420 452 ad
436 417 726 464 omnipotentis
744 414 822 453 Dei
839 417 1013 466 gratiam
1031 415 1175 453 eodem
1194 415 1368 454 Domino

185 479 398 529 largiente,
429 484 472 517 et
502 484 544 517 te
575 479 786 517 laborante
814 479 1013 529 perducta
1043 485 1120 524 est,
1151 493 1266 517 usum
1296 481 1370 518 tibi

184 543 293 593 pallii
316 546 357 580 in
382 556 430 580 ea
454 544 504 580 ad
528 543 612 580 sola
634 546 844 580 missarum
868 543 1076 582 sollemnia
1100 545 1258 595 agenda
1279 558 1371 582 con—

185 608 377 652 cedimus,
399 610 457 644 ita
480 613 526 644 ut
548 621 620 658 per
642 607 729 644 loca
750 607 908 658 singula
930 608 1142 646 duodecim
1166 611 1370 659 episcopos

184 672 357 716 ordines,
382 674 449 722 qui
474 677 570 710 tuae
599 672 836 710 subiaceant
860 673 1016 717 ditioni,
1040 678 1240 723 quatenus
1265 673 1372 711 Lun-

184 737 386 774 doniensis
413 738 588 774 civitatis
618 739 828 786 episcopus
857 749 1018 786 semper
1044 739 1086 773 in
1113 743 1321 786 posterum
1348 751 1372 775 a

184 801 337 851 synodo
377 803 538 851 propria
578 800 730 838 debeat
769 803 1006 845 consecrari,
1047 806 1171 851 atque
1213 801 1371 839 honoris

184 865 348 915 pallium
370 866 420 902 ab
442 864 515 902 hac
535 870 676 902 sancta
696 870 739 903 et
759 865 992 916 apostolica,
1013 867 1075 902 cui
1098 865 1188 903 Deo
1208 872 1371 905 auctore

184 927 379 971 deservio,
410 927 507 964 sede
538 929 749 976 percipiat.
803 927 870 964 Ad
899 926 1127 964 Eburacam
1158 940 1252 965 vero
1280 930 1372 965 civi-

184 997 314 1028 tatem
349 996 393 1029 te
427 991 610 1028 volumus
646 994 879 1042 episcopum
913 993 1094 1036 mittere,
1129 1004 1252 1042 quem
1287 994 1373 1042 ipse

183 1056 420 1094 indicaveris
459 1055 667 1099 ordinare3
722 1058 782 1093 ita
820 1055 1036 1100 duntaxat,
1074 1060 1121 1093 ut
1158 1058 1190 1093 si
1229 1056 1372 1094 eadem

184 1122 323 1157 civitas
343 1133 435 1157 cum
455 1119 634 1157 finitimis
653 1119 749 1157 locis
769 1120 935 1158 verbum
958 1119 1036 1158 Dei
1056 1123 1269 1170 receperit,
1287 1124 1373 1171 ipse

184 1198 345 1235 quoque
364 1184 577 1222 duodecim
596 1186 802 1234 episcopos
821 1184 994 1229 ordinet,
1013 1189 1056 1221 et
1073 1185 1373 1234 metropolitani

184 1249 334 1287 honore
364 1247 619 1299 perfruatur3
664 1251 759 1299 quia
790 1251 826 1286 ei
858 1261 1034 1299 quoque,
1064 1251 1095 1285 si
1127 1251 1211 1286 vita
1240 1262 1374 1287 comes

183 1312 320 1358 fuerit,
341 1313 508 1363 pallium
529 1314 709 1351 tribuere
731 1312 907 1350 Domino
928 1312 1093 1350 favente
1114 1313 1374 1363 disponimus,

185 1391 306 1428 quem
331 1384 471 1415 tamen
497 1383 594 1415 tuae
620 1377 890 1415 fraternitatis
916 1377 1099 1414 volumus
1125 1378 1374 1427 dispositioni

183 1440 414 1478 subiacere:
445 1445 539 1490 post
561 1440 718 1476 obitum
736 1452 832 1477 vero
849 1445 967 1476 tuum
984 1441 1042 1476 ita
1061 1441 1256 1489 episcopis
1275 1452 1374 1490 quos

184 1505 430 1543 ordinaverit
458 1506 625 1554 praesit,
656 1509 702 1541 ut
733 1503 1028 1541 Lundoniensis
1059 1506 1234 1553 episcopi
1265 1503 1374 1541 nullo

184 1569 304 1606 modo
334 1569 477 1606 ditioni
506 1568 728 1606 subiaceat.
786 1566 847 1605 Sit
877 1581 971 1606 vero
1000 1570 1108 1605 inter
1137 1567 1375 1607 Lundoniae

186 1639 229 1671 et
252 1633 463 1671 Eburacae
486 1635 662 1670 civitatis
687 1635 894 1682 episcopos
918 1635 959 1668 in
983 1637 1190 1682 posterum
1215 1631 1374 1670 honoris

185 1701 263 1735 ista
281 1697 502 1742 distinctio,
522 1703 569 1734 ut
587 1699 673 1746 ipse
692 1699 799 1746 prior
818 1696 1019 1734 habeatur
1037 1699 1104 1746 qui
1124 1698 1232 1746 prius
1251 1696 1376 1734 fuerit

187 1762 416 1800 ordinatus:
472 1763 673 1799 communi
717 1766 855 1798 autem
898 1760 1060 1798 consilio
1104 1765 1146 1797 et
1188 1760 1372 1798 concordi

187 1829 344 1864 actione
375 1839 561 1876 quaeque
591 1831 685 1862 sunt
714 1838 786 1874 pro
817 1823 963 1861 Christi
993 1824 1078 1862 zelo
1108 1823 1267 1875 agenda
1296 1824 1373 1861 dis-

188 1896 339 1939 ponant
381 1892 646 1932 unanimiter;
703 1894 813 1926 recte
856 1891 1049 1927 sentiant.
1092 1893 1134 1926 et
1177 1901 1225 1926 ea
1267 1901 1372 1938 quae

236 2049 259 2084 8
357 2004 367 2021 ¹
393 2003 557 2034 Paulinus
574 2012 643 2034 was
659 2005 722 2034 not
738 2000 961 2034 consecrated
977 2000 1030 2033 till
1047 2009 1119 2033 ΑΛ).
1138 2001 1212 2032 625.

191 2060 233 2095 15
