1473 2322
431 123 543 161 THE
580 122 910 161 VENERABLE
946 123 1094 161 BEDE

650 258 768 298 CAP.
806 259 864 296 IX
880 259 897 284 1

173 345 224 385 Ut
247 351 423 397 regnante
450 345 633 383 Gratiano
660 344 856 382 Maximus
881 344 919 381 in
944 343 1135 382 Brittania
1160 344 1358 395 imperator

288 404 446 443 creatus,
464 412 545 436 cum
562 411 697 449 magno
714 398 872 435 exercitu
893 397 1058 436 Galliam
1075 398 1236 437 redierit.

217 487 337 523 ANNo
353 486 404 523 ab
419 487 695 522 incarnatione
711 485 876 522 Domini
890 487 1177 522 trecentesimo
1193 489 1358 534 septua-

168 541 322 590 gesimo
334 541 507 589 septimo
520 538 737 575 Gratianus
750 538 1081 588 quadragesimus
1094 539 1145 575 ab
1158 538 1358 588 Augusto,

169 598 262 642 post
293 598 467 630 mortem
496 591 677 629 Valentis
706 604 778 629 sex
807 593 920 628 annis
960 593 1173 641 imperium
1201 593 1358 629 tenuit:

169 649 351 696 quamvis
382 645 618 683 iamdudum
648 650 771 682 antea
799 657 891 682 cum
919 649 1066 694 patruo
1095 644 1282 689 Valente,
1312 650 1356 682 et

169 713 260 737 cum
276 699 560 737 Valentiniano
575 697 701 736 fratre
716 703 930 748 regnaret:
960 700 1029 748 qui
1045 710 1136 735 cum
1153 696 1358 735 adflictum

170 759 214 790 et
236 766 341 802 pene
360 752 579 802 collapsum
602 751 847 801 reipublicae
869 756 1029 788 statum*
1042 751 1213 796 videret,
1230 750 1360 789 Theo-

169 806 326 844 dosium
363 806 590 855 Hispanum
627 808 769 849 virum,
801 804 1079 842 restituendae
1115 804 1359 854 reipublicae

169 862 413 897 necessitate
425 859 533 908 apud
543 858 744 908 Syrmium
757 871 933 907 purpura
944 858 1090 902 induit,
1100 857 1360 907 Orientisque

171 919 215 950 et
228 913 421 950 Thraciae
436 912 554 949 simul
568 911 765 961 praefecit
779 914 960 961 imperio.
1003 911 1095 958 Qua
1109 916 1359 961 tempestate

173 966 391 1011 Maximus,
428 968 488 1002 vir
525 965 690 1015 quidem
727 970 915 1002 strenuus
954 969 997 1002 et
1033 965 1197 1014 probus,
1233 970 1358 1014 atque

171 1021 358 1070 Augusto
393 1019 538 1070 dignus
572 1020 647 1055 nisi
681 1023 823 1055 contra
856 1020 1098 1055 sacramenti
1132 1017 1254 1055 fidem
1287 1030 1360 1067 per

172 1073 430 1123 tyrannidem
473 1074 717 1116 emersisset,
757 1074 799 1108 in
840 1071 1041 1108 Brittania
1081 1073 1230 1108 invitus
1271 1083 1360 1120 pro-

170 1127 390 1175 pemodum
414 1126 465 1163 ab
491 1128 672 1163 exercitu
695 1127 916 1174 imperator
939 1129 1098 1162 creatus
1121 1127 1163 1161 in
1187 1123 1359 1161 Galliam

172 1183 344 1217 transiit.
399 1179 461 1216 Ibi
479 1178 719 1216 Gratianum
736 1179 968 1228 Augustum
985 1179 1120 1215 subita
1135 1180 1359 1215 incursione

172 1235 433 1283 perterritum
464 1238 588 1282 atque
617 1234 658 1269 in
688 1231 850 1269 Italiam
878 1233 1049 1269 transire
1077 1231 1360 1275 meditantem,

172 1287 273 1324 dolis
324 1289 644 1324 circumventum
700 1284 921 1330 interfecit,
972 1283 1222 1334 fratremque
1273 1287 1360 1323 eius

173 1340 502 1378 Valentinianum
528 1340 761 1390 Augustum
788 1338 908 1375 Italia
933 1337 1102 1388 expulit.
1155 1337 1362 1375 Valentin-

173 1397 287 1431 ianus
318 1396 359 1431 in
390 1394 602 1431 Orientem
632 1391 852 1443 refugiens,
882 1405 907 1428 a
935 1391 1160 1429 Theodosio
1189 1397 1361 1441 paterna

172 1450 329 1497 pietate
349 1452 574 1496 susceptus,
594 1459 688 1483 mox
709 1448 833 1483 etiam
853 1447 1022 1494 imperio
1041 1447 1255 1482 restitutus
1277 1450 1360 1482 est:

173 1501 308 1538 clauso
337 1500 525 1538 videlicet
552 1502 660 1536 intra
686 1512 820 1536 muros
849 1498 1075 1548 Aquileiae,
1094 1503 1213 1548 capto
1237 1503 1360 1548 atque

175 1557 302 1591 occiso
323 1555 373 1591 ab
394 1556 450 1591 eis
473 1552 655 1590 Maximo
674 1558 861 1603 tyranno.

350 1655 359 1672 ยน
385 1654 466 1685 This
481 1653 624 1694 chapter
637 1654 666 1684 is
681 1653 787 1684 taken
802 1653 890 1684 from
907 1652 1045 1684 Orosius
1063 1652 1120 1684 vii.
1137 1652 1188 1684 34.

506 1774 518 1793 ยน
539 1772 612 1804 The
627 1772 718 1813 right
735 1772 816 1804 date
831 1772 859 1803 is
875 1780 948 1803 AJ).
967 1772 1041 1804 378.

180 2062 226 2102 48
