1473 2322
444 126 555 164 THE
592 125 922 164 VENERABLE
960 127 1107 165 BEDE

235 230 461 281 Respondit
486 229 717 281 Gregorius·
771 229 795 243 “
813 229 1025 277 Quaedam
1050 236 1213 270 terrena
1235 232 1302 270 lex
1327 235 1369 270 in

184 283 366 321 Romana
387 283 594 332 republica
612 285 829 333 permittit,
848 290 894 321 ut
917 287 999 322 sive
1023 284 1148 323 frater
1168 291 1211 323 et
1227 286 1369 331 soror,1

184 350 256 375 seu
281 338 452 375 duorum
477 336 647 374 fratrum
672 350 956 387 germanorum
982 338 1045 375 vel
1069 339 1238 376 duarum
1263 352 1370 377 soro-

183 404 272 427 rum
313 390 415 427 filius
457 395 500 427 et
539 389 620 427 filia
658 393 916 427 misceantur.
970 390 1050 428 Sed
1090 395 1369 442 experimento

184 443 409 488 didicimus,
437 456 487 481 ex
514 443 586 480 tali
614 445 799 494 coniugio
825 443 1004 481 sobolem
1031 458 1111 481 non
1137 459 1254 495 posse
1283 459 1369 484 sue-

183 510 385 534 crescere:
424 502 467 534 et
489 509 601 534 sacra
624 496 689 534 lex
712 496 902 546 prohibet
923 501 1173 548 cognationis
1195 502 1369 548 turpitu-

184 551 320 588 dinem
340 549 532 588 revelare.
588 549 708 588 Unde
728 563 892 588 necesse
916 557 978 588 est
999 557 1044 589 ut
1065 553 1144 588 iam
1163 555 1287 590 tertia
1305 553 1367 590 vel

184 609 329 654 quarta
348 606 560 654 generatio
580 603 758 641 fidelium
778 603 948 641 licenter
969 605 1043 641 sibi
1065 607 1175 656 iungi
1196 606 1367 644 debeat:

185 671 278 694 nam
309 657 486 695 secunda
516 670 637 707 quam
667 657 955 707 praediximus,
985 671 1009 694 a
1038 671 1081 696 se
1112 661 1219 695 omni
1248 660 1368 697 modo

184 711 310 748 debet
327 711 545 748 abstinere.
599 710 699 747 Cum
718 723 888 748 noverca
906 716 1044 749 autem
1061 715 1229 750 miscere
1245 726 1368 763 grave

185 770 248 801 est
266 763 435 808 facinus,
455 766 549 814 quia
568 769 611 802 et
629 766 670 801 in
691 763 803 814 Lege
822 767 1015 814 seriptum
1035 770 1120 803 est:
1154 764 1163 779 ‘
1180 765 1368 816 Turpitu-

185 818 321 855 dinem
342 820 468 867 patris
490 820 550 854 tui
571 831 651 854 non
671 817 897 855 revelabis.’
949 817 1093 868 Neque
1115 821 1222 856 enim
1242 822 1366 869 patris

183 871 478 920 turpitudinem
502 870 605 907 filius
626 870 806 908 revelare
828 876 978 920 potest.
1030 871 1111 909 Sed
1133 875 1227 922 quia
1248 876 1366 923 serip-

184 930 271 961 tum
302 930 386 962 est:
429 923 438 937 ⁴
456 923 588 961 Erunt
616 924 695 961 duo
723 926 764 960 in
792 937 911 962 carne
940 937 1020 961 una
1038 923 1070 969 '3
1098 928 1166 975 qui
1195 929 1367 976 turpitu-

184 979 321 1015 dinem
335 990 530 1015 novercae
545 990 650 1027 quae
664 990 745 1014 una
758 990 849 1014 caro
863 991 954 1015 cum
968 984 1085 1027 patre
1100 978 1177 1016 fuit
1189 979 1368 1018 revelare

183 1033 513 1081 praesumpserit,
524 1030 706 1080 profecto
717 1034 843 1080 patris
854 1032 1150 1080 turpitudinem
1161 1033 1366 1071 revelavit.

185 1085 286 1121 Cum
314 1089 488 1135 cognata
514 1097 676 1134 quoque
701 1087 870 1122 miscere
896 1084 1143 1134 prohibitum
1171 1091 1248 1130 est,
1275 1089 1369 1137 quia

184 1152 257 1188 per
281 1139 603 1175 coniunctionem
626 1140 799 1187 priorem
822 1151 913 1175 caro
934 1137 1068 1175 fratris
1090 1138 1225 1177 fuerat
1246 1139 1366 1178 facta.

185 1191 261 1229 Pro
279 1205 360 1242 qua
375 1204 419 1229 re
437 1194 562 1228 etiam
590 1190 789 1229 Iohannes
805 1191 991 1241 Baptista
1007 1195 1141 1241 eapite
1158 1198 1368 1231 truncatus

185 1251 262 1289 est,
293 1250 336 1282 et
365 1250 505 1282 sancto
534 1247 729 1295 martyrio
758 1251 1073 1290 consummatus,
1102 1248 1165 1282 cui
1195 1260 1275 1283 non
1306 1252 1369 1285 est

184 1299 338 1336 dictum
364 1303 411 1335 ut
436 1297 640 1335 Christum
666 1304 851 1349 negaret,
877 1304 920 1335 et
944 1312 1016 1348 pro
1043 1298 1191 1336 Christi
1215 1299 1363 1338 confes-

184 1355 296 1390 sione
324 1354 474 1389 occisus
503 1357 588 1395 est3
629 1352 702 1389 sed
730 1354 824 1402 quia
850 1352 978 1389 isdem
1008 1352 1205 1390 Dominus
1231 1359 1369 1392 noster

186 1405 298 1443 Iesus
329 1403 511 1442 Christus
551 1405 732 1443 dixerat:
779 1404 788 1418 ‘
806 1405 895 1456 Ego
925 1418 1014 1442 sum
1045 1405 1243 1450 veritas'3
1275 1410 1370 1457 quia

184 1472 256 1509 pro
284 1461 458 1497 veritate
490 1457 689 1496 Iohannes
718 1461 868 1496 occisus
902 1463 976 1504 est,
1006 1459 1194 1498 videlicet
1226 1466 1269 1498 et
1295 1474 1368 1511 pro

185 1512 344 1550 Christo
367 1515 606 1562 sanguinem
630 1511 749 1549 fudit.

236 1565 259 1579 “
279 1565 384 1612 Quia
413 1579 507 1603 vero
537 1571 632 1602 sunt
660 1565 778 1602 multi
806 1567 848 1602 in
878 1565 1101 1615 Anglorum
1131 1571 1271 1617 gente,
1300 1569 1368 1617 qui

185 1619 281 1656 dum
306 1618 437 1656 adhuc
459 1621 500 1655 in
523 1619 765 1656 infidelitate
789 1625 939 1663 essent,
958 1619 1051 1656 huie
1069 1619 1259 1664 nefando,
1277 1633 1369 1657 con-

182 1674 292 1723 iugio
320 1673 508 1710 dicuntur
533 1672 717 1716 admixit,
743 1672 795 1710 ad
822 1672 942 1710 fidem
969 1675 1178 1711 venientes
1205 1674 1369 1711 admon-

185 1727 279 1763 endi
299 1731 394 1763 sunt
415 1731 462 1763 ut
483 1738 526 1763 se
548 1726 794 1770 abstineant,
816 1731 860 1764 et
879 1739 1003 1776 grave
1024 1726 1099 1764 hoc
1121 1739 1208 1765 esse
1229 1740 1369 1778 peeca-

450 1834 464 1856 ¹
481 1836 600 1878 fratris
615 1840 643 1868 et
658 1837 780 1868 sororia
793 1847 849 1869 are
867 1837 1037 1878 required,
1056 1837 1108 1870 Pl.

235 1957 247 1976 1
271 1956 438 1987 Arcadius
454 1956 524 1987 and
542 1956 727 1992 Honorius,
744 1965 816 1987 ΑΛ).
835 1958 911 1989 405.

233 2000 245 2018 ²
269 1998 353 2030 Gen.
372 2000 403 2030 9.
422 2000 475 2031 23,
635 2000 646 2018 ‘²
671 1999 752 2031 Lev.
774 2000 826 2031 18.
846 2000 876 2032 7.
1033 2000 1046 2018 *²
1071 1999 1154 2031 Gen.
1175 2001 1205 2031 2.
1226 2002 1278 2032 21.

191 2071 260 2100 124
