1473 2322
445 137 557 174 THE
594 134 925 173 VENERABLE
960 134 1107 172 BEDE

185 244 321 290 ignem
362 239 557 284 volantes,
598 237 784 276 incendia
824 236 1023 275 bellorum
1065 242 1204 274 contra
1245 238 1372 273 iustos

186 308 353 340 struere.
407 300 641 351 Sequuntur
686 299 876 338 adversus
921 301 1052 349 ipsum
1098 300 1372 335 accusationes

186 363 465 413 malignorum,
507 360 762 400 defensiones
804 363 1017 411 spirituum
1058 361 1269 405 bonorum,
1309 373 1373 397 co-

186 427 331 476 piosior
347 423 584 462 caelestium
604 426 810 473 agminum
828 425 948 467 visio;
980 422 1053 460 sed
1071 426 1115 460 et
1131 424 1304 459 virorum
1322 421 1373 459 de

186 501 258 525 sua
285 489 451 524 natione
480 491 724 531 sanctorum,
753 497 853 535 quos
882 484 976 522 olim
1004 483 1218 522 sacerdotii
1245 483 1374 533 gradu

186 563 266 586 non
291 547 522 599 ignobiliter
547 550 712 598 potitos,
738 546 847 584 fama
873 549 953 584 iam
979 544 1189 596 vulgante,
1214 558 1375 595 compe-

186 616 317 655 rerat3
348 624 372 648 a
388 611 533 661 quibus
549 623 629 647 non
646 622 789 660 pauca,
805 622 910 659 quae
927 607 991 646 vel
1006 610 1095 658 ipsi,
1111 607 1176 646 vel
1191 607 1375 645 omnibus

187 676 256 724 qui
279 673 419 711 audire
444 671 609 716 vellent,
634 671 809 709 multum
833 670 1008 708 salubria
1033 675 1184 715 essent,
1209 669 1374 707 audivit.

187 735 266 782 Qui
288 748 381 772 cum
404 735 528 772 verba
552 733 748 779 finissent,
774 738 818 771 et
840 745 933 770 cum
957 731 1147 782 angelicis
1171 732 1376 781 spiritibus

188 800 261 848 ipsi
294 810 456 848 quoque
491 796 543 833 ad
576 795 708 833 caelos
741 795 935 839 redirent,
970 799 1252 832 remanserunt
1284 806 1377 831 cum

190 862 309 897 beato
328 858 477 896 Furseo
494 863 577 895 tres
595 856 743 908 angeli,
760 857 811 895 de
829 857 975 907 quibus
992 856 1180 901 diximus,
1196 857 1265 906 qui
1283 869 1377 893 eum

188 922 240 960 ad
257 934 400 971 corpus
419 919 631 958 referrent.
687 918 871 969 Cumque
890 917 1076 969 praefato
1095 919 1179 968 igni
1199 919 1377 955 maximo

189 985 487 1034 adpropiarent,
523 982 659 1019 divisit
694 981 860 1032 quidem
896 980 1078 1030 angelus,
1114 982 1219 1018 sicut
1253 981 1376 1030 prius,

188 1049 323 1096 ignem
358 1043 558 1082 flammae.
613 1042 694 1080 Sed
728 1045 786 1079 vir
819 1042 901 1080 Dei
936 1043 1004 1080 ubi
1039 1041 1092 1079 ad
1125 1040 1377 1092 patefactam

188 1120 315 1158 usque
349 1108 457 1144 inter
490 1105 672 1143 flammas
707 1107 870 1142 ianuam
903 1106 1104 1154 pervenit,
1138 1105 1378 1154 arripientes

188 1168 370 1207 inmundi
391 1170 554 1218 spiritus
576 1180 702 1205 unum
724 1167 776 1205 de
798 1168 870 1211 eis,
885 1179 985 1216 quos
1006 1168 1048 1203 in
1069 1166 1230 1216 ignibus
1251 1170 1379 1203 torre-

189 1233 303 1276 bant,
324 1232 580 1268 iactaverunt
601 1231 642 1266 in
664 1242 771 1273 eum,
793 1234 836 1266 et
857 1230 1143 1278 contingentes
1164 1226 1379 1265 humerum

190 1292 476 1342 maxillamque
505 1293 591 1330 eius
619 1291 911 1328 incenderunt:
949 1292 1221 1340 cognovitque
1250 1288 1380 1327 homi-

190 1369 297 1400 nem,
318 1360 362 1393 et
384 1356 481 1404 quia
503 1355 794 1391 vestimentum
819 1354 905 1390 eius
928 1354 1138 1390 morientis
1163 1353 1379 1401 acceperit,

191 1417 242 1456 ad
291 1418 528 1454 memoriam
579 1415 754 1452 reduxit.
809 1413 943 1461 Quem
995 1412 1164 1464 angelus
1215 1418 1379 1450 sanctus

190 1481 328 1516 statim
345 1476 668 1527 adprehendens,
688 1479 728 1513 in
752 1478 889 1526 ignem
912 1477 1065 1513 reiecit.
1120 1474 1378 1525 Dicebatque

190 1542 314 1592 hostis
339 1539 561 1590 malignus:
602 1537 624 1551 “
645 1537 780 1576 Nolite
806 1536 1003 1588 repellere
1028 1550 1150 1588 quem
1176 1542 1272 1575 ante
1297 1550 1381 1574 sus-

189 1604 374 1653 cepistis:
411 1614 506 1639 nam
529 1603 633 1638 sicut
655 1601 760 1638 bona
784 1602 869 1638 eius
891 1601 1114 1650 peccatoris
1136 1600 1380 1649 suscepistis,

190 1667 248 1702 ita
269 1670 313 1702 et
334 1664 385 1702 de
406 1665 546 1714 poenis
569 1665 653 1700 eius
675 1664 891 1712 participes
914 1674 1001 1700 esse
1023 1659 1224 1699 debetis.''
1278 1659 1381 1697 Con-

189 1727 391 1765 tradicens
418 1724 607 1775 angelus:
649 1723 671 1736 “
692 1722 824 1769 Non,”
850 1726 996 1774 inquit,
1022 1722 1045 1736 “
1064 1728 1230 1774 propter
1256 1725 1381 1760 avari-

189 1791 304 1833 tiam,
321 1787 394 1825 sed
409 1792 576 1837 propter
592 1785 825 1824 salvandam
843 1787 928 1824 eius
946 1787 1121 1822 animam
1138 1786 1338 1834 suscepit:
1357 1782 1380 1795 ’¹

190 1852 442 1900 cessavitque
475 1851 591 1899 ignis.
645 1848 701 1886 Et
732 1860 946 1886 conversus
978 1847 1032 1885 ad
1063 1859 1157 1885 eum
1189 1845 1379 1897 angelus:

191 1911 353 1958 “Quod
389 1909 644 1956 incendisti,”
680 1912 827 1960 inquit,
864 1909 982 1947 “hoc
1018 1911 1115 1947 arsit
1150 1910 1192 1946 in
1228 1913 1284 1946 te.
1338 1906 1379 1944 Si

192 1976 297 2011 enim
317 1972 434 2010 huius
454 1975 525 2010 viri
544 1975 586 2010 in
604 1974 780 2024 peccatis
799 1973 880 2010 suis
898 1973 1048 2010 mortui
1066 1972 1280 2021 pecuniam
1298 1982 1379 2007 non

191 2074 259 2107 422
