1473 2322
470 128 581 165 THE
618 127 947 166 VENERABLE
983 128 1130 166 BEDE

616 238 732 278 CAP.
769 240 950 278 XXVIII

235 326 285 363 Ut
301 339 407 377 papa
432 325 635 376 Gregorius
656 326 848 377 epistolam
871 326 1080 365 Arelatensi
1100 329 1283 378 episcopo,
1300 332 1372 379 pro

333 378 544 416 adiuvando
569 379 608 416 in
635 393 743 430 opere
767 380 844 417 Dei
870 380 1092 431 Augustino,
1117 382 1268 419 miserit.

258 464 477 506 Huccsouss
507 468 788 515 responsiones
818 466 931 504 beati
961 480 1094 517 papae
1126 466 1310 519 Gregorii
1341 467 1392 505 ad

207 534 389 571 consulta
422 538 735 572 reverentissimi
769 538 962 573 antistitis
996 537 1227 587 Augustini.
1278 537 1392 587 Epis-

207 604 332 641 tolam
374 618 467 642 vero
508 618 630 655 quam
669 618 714 644 se
754 605 983 644 Arelatensi
1025 609 1211 657 episcopo
1250 605 1392 645 fecisse

206 679 508 720 commemorat,
549 675 600 712 ad
638 674 861 727 Vergilium
900 675 1084 714 Aetherii
1124 689 1390 715 successorem

206 744 398 782 dederat:
436 746 547 781 cuius
573 744 674 782 haec
696 744 826 783 forma
852 751 926 783 est.

259 813 281 826 “
300 813 641 853 Reverentissimo
685 821 728 853 et
769 818 1020 854 sanctissimo
1061 815 1176 854 fratri
1218 816 1392 868 Vergilio

206 887 457 935 coepiscopo,
481 884 699 936 Gregorius
722 898 859 924 servus
882 898 1087 924 servorum
1112 886 1204 924 Dei.

259 954 281 966 ‘¹
301 954 488 1001 Quantus
507 957 561 992 sit
580 954 747 993 affectus
767 957 1022 994 venientibus
1040 962 1186 1006 sponte
1203 956 1392 994 fratribus

206 1024 516 1074 impendendus,
538 1039 588 1062 ex
610 1039 657 1063 eo
679 1026 787 1076 quod
806 1026 1045 1077 plerumque
1065 1026 1197 1065 solent
1215 1029 1393 1064 caritatis

206 1108 324 1132 eausa
354 1097 529 1139 invitari,
557 1098 823 1146 cognoscitur.
877 1096 933 1134 Et
959 1096 1052 1134 ideo
1080 1099 1111 1134 si
1139 1110 1392 1135 communem

206 1163 373 1202 fratrem
396 1165 671 1215 Augustinum
695 1167 927 1215 episcopum
949 1166 1001 1203 ad
1022 1179 1090 1203 vos
1111 1169 1248 1204 venire
1268 1168 1393 1203 conti-

205 1236 326 1285 gerit,
344 1236 403 1271 ita
421 1233 533 1271 illum
553 1234 715 1272 dilectio
734 1240 883 1280 vestra,
902 1238 1005 1272 sicut
1024 1236 1157 1281 decet,
1177 1235 1393 1275 affectuose

205 1303 457 1355 dulciterque
480 1306 685 1354 suscipiat,
707 1310 754 1342 ut
777 1309 820 1343 et
840 1307 972 1355 ipsum
994 1305 1276 1343 consolationis
1296 1319 1393 1345 suae

206 1373 312 1410 bono
350 1371 547 1418 refoveat,
587 1379 630 1412 et
669 1373 779 1419 alios,
819 1374 993 1425 qualiter
1031 1373 1212 1414 fraterna
1248 1377 1393 1413 caritas

206 1442 375 1481 colenda
411 1446 478 1488 sit,
516 1443 673 1482 doceat.
727 1444 783 1481 Et
820 1446 1010 1494 quoniam
1047 1447 1206 1495 saepius
1244 1448 1393 1491 evenit‚

208 1518 254 1550 ut
277 1512 318 1550 hi
342 1515 410 1563 qui
433 1513 553 1564 longe
577 1519 672 1551 sunt
695 1516 830 1564 positi,
852 1517 962 1564 prius
987 1515 1038 1552 ab
1062 1514 1147 1552 aliis
1171 1528 1276 1566 quae
1299 1521 1394 1553 sunt

207 1582 476 1628 emendanda,
493 1589 760 1634 cognoscant:
791 1586 824 1621 si
842 1597 941 1635 quas
958 1583 1128 1623 fortasse
1146 1584 1392 1623 fraternitati

208 1658 366 1691 vestrae
387 1653 643 1691 sacerdotum
664 1653 729 1691 vel
750 1653 917 1691 aliorum
939 1654 1075 1704 culpas
1096 1654 1293 1700 intulerit,
1313 1668 1393 1693 una

208 1735 299 1760 cum
323 1735 371 1760 eo
394 1723 619 1761 residentes
643 1723 780 1760 subtili
803 1729 949 1761 cuncta
970 1726 1282 1775 investigatione
1303 1738 1392 1775 per-

209 1795 371 1844 quirite,
393 1798 436 1831 et
455 1795 513 1830 ita
533 1806 602 1830 vos
622 1795 663 1830 in
685 1807 733 1832 ea
753 1807 857 1844 quae
880 1793 1014 1832 Deum
1034 1793 1258 1839 offendunt,
1278 1799 1321 1832 et
1341 1795 1392 1833 ad

207 1863 455 1900 iracundiam
470 1868 702 1913 provocant,
719 1863 920 1901 districtos
937 1877 982 1901 ac
997 1863 1170 1901 solicitos
1187 1863 1392 1910 exhibete,

208 1938 255 1970 ut
277 1933 329 1971 ad
350 1932 517 1970 aliorum
540 1933 868 1972 emendationem
890 1939 933 1972 et
954 1934 1129 1971 vindicta
1151 1933 1390 1984 culpabilem

207 2066 277 2104 154
