1473 2322
464 115 575 152 THE
612 114 943 153 VENERABLE
979 115 1127 153 BEDE

204 224 285 264 tur,
303 224 516 269 peccatum
535 218 764 256 omnimodo
782 224 1064 268 perpetratum
1082 232 1162 256 non
1182 225 1266 258 est:
1297 233 1390 258 cum

204 294 298 318 vero
325 280 519 318 delectari
547 293 638 317 caro
665 282 859 330 coeperit,
886 285 984 317 tunc
1010 286 1223 331 peccatum
1249 283 1390 332 incipit

203 344 333 379 nasci:
379 344 411 378 si
443 347 582 379 autem
614 344 738 380 etiam
770 355 821 379 ex
852 341 1144 381 deliberatione
1174 346 1389 388 consentit,

203 409 301 441 tunc
319 409 533 454 peccatum
553 405 807 454 cognoscitur
825 403 976 453 perfici.

253 471 277 488 “
294 464 342 502 In
356 467 618 516 suggestione
632 467 756 516 igitur
770 467 927 514 peccati
940 467 1101 503 initium
1116 470 1193 511 est,
1204 468 1245 502 in
1259 466 1390 505 delec-

189 529 345 565 tatione
375 526 421 564 fit
448 529 759 571 nutrimentum,
781 529 823 563 in
850 539 1047 564 consensu
1074 526 1282 577 perfectio.
1335 528 1390 565 Et

203 602 325 639 saepe
340 590 541 639 contingit
555 593 602 626 ut
616 587 691 625 hoc
707 588 815 638 quod
826 588 1026 639 malignus
1040 591 1203 639 spiritus
1217 592 1391 627 seminat

202 653 243 687 in
274 652 537 701 cogitatione,
570 663 661 687 caro
695 652 736 686 in
770 649 1085 688 delectationem
1116 650 1276 696 trahat3
1315 665 1390 690 nec

201 717 341 749 tamen
380 714 515 749 anima
557 712 691 749 eidem
731 711 992 749 delectationi
1031 715 1271 750 consentiat.
1335 713 1390 751 Et

203 787 294 811 cum
317 786 409 811 caro
432 772 637 811 delectare
660 775 746 811 sine
773 776 907 810 animo
930 779 1124 824 nequeat,
1141 776 1227 824 ipse
1250 780 1390 813 tamen

204 838 360 873 animus
380 837 509 872 carnis
528 834 804 885 voluptatibus
823 834 1040 880 reluctans,
1058 838 1100 872 in
1119 835 1390 876 delectatione

203 897 351 934 carnali
372 897 506 947 aliquo
525 897 647 934 modo
675 896 825 947 ligatur
846 899 1009 942 invitus,
1029 902 1076 934 ut
1099 900 1135 935 ei
1161 911 1212 935 ex
1233 901 1390 938 ratione

203 959 468 1003 contradicat,
501 971 553 996 ne
585 961 837 1002 consentiat3
875 964 918 996 et
946 964 1087 996 tamen
1118 959 1390 999 delectatione

204 1021 351 1071 ligatus
381 1023 448 1065 sit,
476 1020 548 1058 sed
576 1020 747 1070 ligatum
776 1033 819 1058 se
847 1019 1111 1059 vehementer
1137 1024 1387 1072 ingemiscat.

207 1082 327 1120 Unde
362 1087 406 1120 et
442 1081 508 1120 ille
546 1082 732 1120 caelestis
769 1085 970 1120 exercitus
1002 1085 1241 1133 praecipuus
1275 1084 1389 1123 miles

203 1145 398 1195 gemebat
429 1144 589 1182 dicens:
627 1143 635 1156 ‘
655 1143 783 1182 Video
815 1144 935 1181 aliam
965 1144 1099 1195 legem
1130 1147 1172 1182 in
1199 1147 1389 1184 membris

204 1208 304 1244 meis
333 1211 632 1256 repugnantem
661 1205 742 1256 legi
773 1208 922 1243 mentis
953 1219 1084 1251 meae,
1114 1212 1158 1245 et
1186 1210 1389 1257 captivum

203 1281 270 1306 me
300 1267 518 1306 ducentem
544 1270 585 1304 in
610 1267 702 1318 lege
727 1270 899 1317 peccati,
919 1280 1023 1319 quae
1053 1274 1116 1306 est
1139 1270 1181 1306 in
1199 1271 1389 1309 membris

202 1328 332 1368 meis)
385 1328 426 1366 Si
454 1334 595 1367 autem
622 1332 805 1379 captivus
835 1335 938 1375 erat,
964 1332 1130 1369 minime
1156 1332 1389 1382 pugnabat3

203 1392 276 1430 sed
305 1397 348 1430 et
376 1392 610 1442 pugnabat:
651 1396 899 1441 quapropter
929 1397 972 1430 et
1000 1394 1182 1442 captivus
1215 1399 1317 1438 erat,
1346 1399 1390 1432 et

203 1454 415 1505 pugnabat
429 1456 553 1504 igitur
566 1452 647 1504 legi
667 1455 830 1498 mentis,
845 1455 909 1490 cui
922 1453 1003 1498 lex,
1019 1467 1124 1504 quae
1142 1457 1184 1492 in
1198 1456 1389 1494 membris

204 1521 281 1561 est,
300 1516 569 1566 repugnabat.
623 1514 663 1552 Si
689 1521 828 1553 autem
853 1516 1079 1566 pugnabat,
1101 1519 1283 1566 captivus
1308 1531 1388 1555 non

205 1582 305 1616 erat.
354 1577 459 1615 Ecce
478 1579 619 1628 itaque
637 1576 757 1614 homo
778 1582 854 1622 est,
870 1583 916 1615 ut
934 1579 993 1614 ita
1007 1578 1192 1623 dixerim,
1206 1581 1388 1628 captivus

205 1644 249 1677 et
269 1639 393 1683 liber3
427 1638 529 1677 liber
553 1652 604 1677 ex
629 1640 786 1677 iustitia
812 1652 934 1690 quam
960 1639 1106 1690 diligit,
1125 1643 1308 1690 captivus
1337 1655 1387 1680 ex

204 1700 476 1740 delectatione
499 1714 621 1752 quam
643 1706 782 1751 portat
803 1700 996 1739 invitus.'’

678 1817 692 1839 ²
713 1817 817 1850 Rom.
834 1818 863 1850 7.
881 1819 935 1851 23.

203 2040 270 2081 152
