1473 2322
475 148 587 187 THE
622 146 954 186 VENERABLE
987 147 1136 187 BEDE

214 253 457 301 provinciam
484 250 752 289 Orientalium
778 253 1029 302 pervenisset
1052 252 1291 303 Anglorum,
1315 265 1398 291 sus-

213 319 354 364 ceptus
378 319 441 351 est
463 312 678 352 honorifice
701 327 725 351 a
746 327 843 364 rege
866 314 1051 364 praefato
1074 319 1118 352 et
1139 313 1300 352 solitum
1323 315 1398 353 sibi

213 388 312 425 opus
346 374 649 425 evangelizandi
682 388 923 425 exsequens,
954 374 1102 413 multos
1136 381 1179 414 et
1212 375 1398 426 exemplo

213 438 372 474 virtutis
402 442 445 475 et
472 439 736 475 incitamento
765 439 973 482 sermonis,
1001 437 1066 475 vel
1093 437 1318 476 incredulos
1347 438 1398 476 ad

213 497 416 536 Christum
449 501 664 544 convertit,
697 497 762 537 vel
793 501 874 536 iam
908 499 1120 537 credentes
1154 499 1324 550 amplius
1356 502 1397 537 in

215 559 294 598 fide
319 566 444 611 atque
469 573 604 598 amore
630 560 778 598 Christi
801 560 1064 598 confirmavit.

264 621 345 660 Ubi
363 622 539 673 quadam
555 622 790 660 infirmitate
808 625 982 673 corporis
1001 628 1199 674 arreptuS,
1217 622 1398 674 angelica

213 686 361 722 meruit
382 686 533 721 visione
556 683 722 734 perfrui,
745 687 786 720 in
810 697 890 734 qua
913 684 1142 722 admonitus
1167 690 1230 722 est
1252 690 1398 735 coepto

214 746 324 784 verbi
358 747 580 784 ministerio
615 745 777 784 sedulus
812 747 1011 792 insistere,
1047 745 1272 797 vigiliisque
1307 760 1399 785 con-

213 810 337 845 suetis
359 813 401 845 et
421 808 667 844 orationibus
687 806 910 845 indefessus
931 808 1186 852 incumbere3
1222 822 1269 847 eo
1291 808 1400 859 quod

213 875 346 907 certus
378 870 452 906 sibi
478 872 624 914 exitus,
648 869 721 906 sed
751 871 906 907 incerta
931 870 1111 907 eiusdem
1136 872 1268 908 exitus
1293 875 1400 908 esset

213 931 311 969 hora
347 930 499 976 futura,
538 931 699 968 dicente
739 931 937 969 Domino:
990 930 1013 944 “
1032 931 1209 982 Vigilate
1246 934 1400 983 itaque,

214 996 307 1044 quia
349 996 510 1031 nescitis
553 993 661 1030 diem
704 1006 837 1043 neque
880 992 1063 1030 horam.”
1117 993 1208 1040 Qua
1250 996 1399 1033 visione

213 1055 485 1100 confirmatus,
525 1057 679 1092 curavit
729 1053 861 1092 locum
913 1058 1160 1101 monasterii,
1203 1069 1324 1106 quem
1376 1069 1400 1093 a

214 1117 398 1167 praefato
423 1130 520 1167 rege
547 1116 756 1167 Sigbercto
784 1122 1009 1167 acceperat,
1035 1116 1282 1156 velocissime
1309 1131 1399 1155 con-

214 1185 384 1225 struere,
416 1192 462 1216 ac
492 1179 742 1229 regularibus
774 1181 987 1217 instituere
1020 1179 1247 1229 disciplinis.
1301 1180 1400 1217 Erat

215 1247 353 1279 autem
386 1244 675 1278 monasterium
710 1240 928 1286 silvarum‚¹
964 1247 1007 1279 et
1039 1244 1159 1278 maris
1193 1243 1400 1280 vicinitate

216 1317 443 1348 amoenum,
487 1308 762 1340 constructum
804 1305 846 1340 in
887 1308 1018 1340 castro
1061 1304 1250 1354 quodam,
1293 1304 1401 1354 quod

217 1366 352 1416 lingua
373 1364 597 1415 Anglorum
620 1364 970 1415 Cnobheresburg,
992 1365 1034 1403 id
1056 1371 1132 1411 est,
1155 1366 1248 1403 urbs
1271 1366 1401 1404 Cnob·

216 1427 300 1466 heri
340 1432 527 1471 vocatum
583 1427 692 1478 quod
731 1427 879 1465 deinde
918 1440 990 1465 rex
1030 1429 1257 1477 provinciae
1297 1427 1401 1466 illius

215 1491 348 1534 Anna,
376 1502 422 1527 ac
449 1488 602 1527 nobiles
632 1491 781 1539 quique
811 1490 1107 1539 augustioribus
1136 1488 1325 1527 aedificiis
1355 1502 1400 1527 ac

215 1552 387 1589 donariis
407 1551 665 1589 adornarunt.
720 1551 820 1588 Erat
839 1556 978 1589 autem
998 1553 1056 1588 vir
1074 1553 1151 1589 iste
1171 1551 1222 1589 de
1242 1551 1401 1590 nobilis-

215 1616 314 1652 simo
332 1627 482 1664 genere
501 1612 744 1657 Scottorum,
763 1613 835 1651 sed
851 1612 971 1663 longe
991 1616 1123 1650 animo
1142 1627 1263 1663 quam
1281 1627 1399 1652 carne

215 1673 395 1713 nobilior.
448 1673 514 1711 Ab
531 1676 617 1724 ipso
635 1678 818 1724 tempore
836 1676 1035 1724 pueritiae
1053 1687 1149 1712 suae
1167 1687 1303 1711 curam
1320 1688 1400 1712 non

213 1737 410 1775 modicam
430 1735 669 1774 lectionibus
693 1737 813 1773 sacris
832 1734 949 1773 simul
973 1741 1016 1774 et
1037 1738 1266 1773 monasticis
1291 1736 1401 1774 exhi-

214 1799 341 1836 bebat
372 1797 604 1848 disciplinis,
637 1803 693 1842 et,
727 1797 835 1847 quod
866 1799 1042 1835 maxime
1075 1803 1234 1835 sanctos
1267 1798 1399 1843 ἀθεεὶ,

214 1865 360 1898 cuncta
373 1873 476 1910 quae
490 1859 648 1909 agenda
661 1859 870 1904 didicerat,
882 1858 1072 1897 sollicitus
1085 1872 1206 1909 agere
1219 1861 1397 1897 curabat.

621 1936 634 1956 ¹
657 1937 710 1968 for
725 1936 901 1973 silvanum,
919 1936 971 1968 Pl.

265 2022 297 2104 6²
320 2023 423 2054 Matt.
441 2033 522 2054 xxv.
543 2023 592 2054 13.
730 1997 751 2041 ²-
762 1997 885 2064 burgh
900 2021 1015 2055 Castle
1030 2032 1112 2054 near
1127 2022 1333 2056 Yarmouth.

216 2080 257 2114 41
