1473 2322
443 134 555 172 THE
592 132 920 171 VENERABLE
954 133 1101 170 BEDE

182 237 350 276 ecclesia
385 238 495 275 beati
530 238 836 286 protomartyris
871 235 1089 286 Stephani:
1137 235 1369 286 placuitque

182 310 273 354 post
296 305 403 342 diem
426 305 609 348 tertium,
632 308 678 340 ut
699 302 800 353 lapis
823 316 903 353 quo
925 308 1233 350 monumentum
1255 307 1370 352 tege-

181 370 315 414 batur,
334 374 602 413 amoveretur,
622 374 664 406 et
682 368 801 406 altius
818 371 905 418 ipso
922 370 963 405 in
980 368 1067 406 loco
1083 373 1368 418 reponeretur:

182 437 290 486 quod
327 436 424 473 dum
463 436 593 480 fieret,
631 441 773 474 tantae
811 436 1033 486 fragrantia
1070 438 1280 474 suavitatis
1318 436 1369 473 ab

181 505 268 540 imis
296 502 492 547 ebullivit,
519 508 565 540 ut
590 505 744 539 cunctis
770 505 838 552 qui
865 502 1083 539 adstabant
1108 501 1297 539 fratribus
1323 516 1368 540 ac

180 571 393 615 sororibus,
420 572 534 620 quasi
561 568 807 619 opobalsami
834 568 995 607 cellaria
1021 582 1109 607 esse
1137 569 1369 607 viderentur

182 643 337 687 aperta.

230 704 310 742 Sed
331 710 373 742 et
392 709 615 742 matertera
636 706 734 748 eius,
755 704 805 741 de
827 717 906 754 qua
926 704 1113 749 diximus,
1134 702 1367 755 Aedilberg,

181 778 223 810 et
247 775 331 822 ipsa
356 771 447 809 Deo
471 771 662 809 dilectam
686 777 910 820 perpetuae
935 773 1176 820 virginitatis
1199 770 1367 821 gloriam

179 842 219 877 in
243 852 393 889 magna
417 840 591 888 corporis
616 840 867 875 continentia
891 840 1087 875 servavit:
1127 851 1231 888 quae
1257 840 1367 875 cuius

180 911 287 943 esset
328 907 501 949 virtutis,
542 906 670 954 magis
711 909 803 954 post
843 910 1016 942 mortem
1056 903 1211 941 claruit.
1266 904 1367 941 Cum

179 975 285 1010 enim
305 977 413 1010 esset
433 972 650 1016 abbatissa,
669 973 804 1020 coepit
822 970 955 1009 facere
975 973 1015 1008 in
1033 973 1277 1009 monasterio
1296 984 1367 1008 suo

179 1040 388 1078 ecclesiam
414 1042 455 1076 in
481 1038 675 1076 honorem
702 1041 880 1076 omnium
908 1037 1194 1088 apostolorum,
1220 1041 1260 1075 in
1288 1052 1367 1088 qua

178 1121 295 1145 suum
316 1120 458 1157 corpus
481 1105 641 1156 sepeliri
663 1107 865 1156 cupiebat.
921 1105 1002 1144 Sed
1023 1120 1114 1143 cum
1136 1119 1236 1156 opus
1258 1106 1366 1143 idem

179 1175 230 1212 ad
269 1174 447 1211 medium
487 1172 615 1211 ferme
656 1178 764 1210 esset
802 1173 1058 1222 perductum,
1096 1172 1164 1210 illa
1202 1186 1253 1211 ne
1293 1172 1366 1210 hoc

179 1241 404 1292 perficeret,
428 1245 558 1277 morte
582 1245 799 1290 praerepta
825 1245 901 1284 est,
926 1245 968 1278 et
996 1242 1037 1276 in
1065 1242 1151 1289 ipso
1175 1239 1365 1278 ecclesiae

180 1309 264 1345 loco
294 1309 362 1345 ubi
393 1307 666 1351 desiderabat,
696 1307 870 1344 condita.
927 1306 1023 1344 Post
1053 1309 1163 1344 cuius
1194 1313 1366 1344 mortem

179 1375 368 1412 fratribus
391 1374 469 1411 alia
490 1376 619 1423 magis
642 1374 889 1418 curantibus,
911 1376 1184 1412 intermissum
1207 1379 1270 1412 est
1292 1373 1366 1411 hoc

179 1443 404 1481 aedificium
420 1444 533 1479 annis
548 1447 721 1491 septem,
736 1442 881 1492 quibus
896 1441 1119 1492 completis,
1134 1447 1367 1480 statuerunt

177 1512 229 1549 ob
263 1512 518 1548 nimietatem
550 1508 710 1554 laboris,
745 1508 860 1546 huius
896 1515 1139 1546 structuram
1174 1508 1364 1547 ecclesiae

177 1579 358 1617 funditus
377 1577 626 1628 relinquere3
660 1590 748 1615 ossa
767 1591 860 1615 vero
880 1578 1108 1614 abbatissae
1126 1577 1192 1614 illo
1211 1577 1262 1615 de
1280 1576 1365 1614 loco

179 1645 338 1684 elevata
365 1648 406 1683 in
436 1645 556 1682 aliam
585 1644 808 1690 ecclesiam,
839 1659 942 1695 quae
974 1651 1081 1683 esset
1110 1644 1291 1695 perfecta
1321 1658 1365 1681 ac

178 1715 365 1753 dedicata
390 1713 621 1751 transferre.
676 1714 730 1750 Et
758 1716 986 1763 aperientes
1013 1712 1239 1763 sepulcrum
1267 1715 1365 1757 eius,

177 1786 236 1819 ita
262 1784 551 1819 intemeratum
580 1794 721 1830 corpus
751 1783 955 1826 invenere,
985 1786 1031 1818 ut
1059 1794 1083 1817 a
1110 1783 1365 1830 corruptione

178 1850 526 1898 concupiscentiae
551 1847 719 1885 carnalis
745 1853 833 1886 erat
856 1850 1043 1885 inmune:
1083 1853 1126 1886 et
1150 1850 1208 1884 ita
1231 1847 1365 1886 denuo

177 1915 320 1960 lotum,
352 1920 476 1965 atque
509 1915 594 1952 aliis
627 1916 805 1952 vestibus
836 1915 1038 1959 indutum,
1070 1913 1366 1952 transtulerunt

179 1982 275 2020 illud
309 1984 348 2018 in
383 1981 591 2020 ecclesiam
624 1982 734 2020 beati
769 1981 963 2032 Stephani
996 1983 1205 2031 martyris;
1254 1984 1363 2018 cuius

177 2053 249 2101 366
