1473 2322
428 115 540 153 THE
576 115 906 154 VENERABLE
942 115 1089 154 BEDE

170 220 338 257 subditis
371 219 593 257 extendere
623 218 784 264 festina,
816 219 946 258 zelum
977 221 1227 258 rectitudinis
1256 226 1352 259 tuae

170 281 210 315 in
251 291 389 315 eorum
421 281 678 316 conversione
716 278 950 328 multiplica,
990 279 1183 316 idolorum
1221 279 1351 317 cultus

168 339 395 386 insequere,
443 336 626 374 fanorum
675 337 856 375 aedificia
904 344 1054 382 everte,
1102 338 1352 376 subditorum

168 408 298 433 mores
330 409 380 433 ex
397 395 412 418 1
443 409 591 445 magna
619 398 725 433 vitae
754 396 966 440 munditia,
990 395 1254 440 exhortando,
1274 402 1353 435 ter-

168 454 307 498 rendo,
321 454 579 498 blandiendo,
595 455 843 506 corrigendo,
859 461 900 493 et
917 456 1008 492 boni
1025 458 1154 506 operis
1170 455 1355 506 exempla

168 514 428 551 monstrando
450 514 638 552 aedifica:
675 520 720 552 ut
742 514 852 552 illum
872 516 1156 553 retributorem
1177 517 1354 553 invenias

169 575 209 609 in
239 572 362 617 caelo,
386 575 496 610 cuius
520 587 667 611 nomen
691 580 814 624 atque
834 577 1104 624 cognitionem
1127 573 1354 612 dilataveris

169 634 209 668 in
235 636 354 668 terra.
411 631 502 681 Ipse
531 634 637 670 enim
664 638 820 670 vestrae
847 646 1006 682 quoque
1033 632 1182 683 gloriae
1208 646 1354 671 nomen

170 693 293 728 etiam
318 693 488 740 posteris
514 690 719 741 gloriosius
746 691 904 736 reddet,
929 693 1040 728 cuius
1066 704 1134 728 vos
1163 690 1355 729 honorem

170 752 362 800 quaeritis
386 755 427 787 et
449 752 615 787 servatis
638 752 678 786 in
699 751 900 800 gentibus.

222 807 326 845 “Sic
375 811 526 846 etenim
574 808 860 846 Constantinus
908 809 1110 859 quondam
1157 811 1354 859 piissimus

170 870 402 917 imperator,
423 867 646 904 Romanam
667 868 954 918 rempublicam
976 882 999 905 a
1019 872 1213 919 perversis
1234 869 1354 906 idolo-

169 940 258 963 rum
296 925 468 963 cultibus
505 939 709 971 revocans,
747 929 1013 977 omnipotenti
1054 927 1143 965 Deo
1182 928 1354 966 Domino

170 990 306 1022 nostro
353 984 446 1022 Iesu
489 984 646 1022 Christo
688 998 823 1023 secum
865 986 1056 1030 subdidit,
1098 1000 1222 1037 seque
1264 1000 1354 1024 cum

171 1044 359 1081 subiectis
406 1043 562 1094 populis
604 1049 693 1081 tota
735 1044 785 1081 ad
829 1058 921 1082 eum
964 1050 1102 1083 mente
1144 1048 1353 1083 convertit.

172 1102 291 1140 Unde
321 1101 474 1140 factum
505 1109 566 1141 est
596 1108 643 1140 ut
672 1105 928 1154 antiquorum
958 1106 1179 1154 principum
1210 1118 1356 1143 nomen

170 1164 249 1199 suis
278 1164 335 1198 vir
362 1162 427 1200 ille
456 1162 639 1200 laudibus
668 1165 859 1207 vinceret,
888 1169 930 1201 et
959 1168 1074 1200 tanto
1101 1166 1142 1200 in
1170 1166 1355 1214 opinione

170 1234 443 1272 praecessores
470 1235 575 1266 suos,
602 1227 754 1271 quanto
781 1228 824 1260 et
850 1224 889 1258 in
916 1223 1021 1259 bono
1048 1236 1168 1272 opere
1196 1236 1355 1273 supera-

171 1288 245 1320 ret.
301 1282 355 1319 Et
374 1295 480 1319 nunc
498 1284 636 1332 itaque
656 1288 789 1320 vestra
808 1281 933 1333 gloria
952 1284 1222 1333 cognitionem
1241 1286 1356 1321 unius

173 1341 265 1385 Dei,
296 1339 440 1385 Patris,
471 1346 514 1379 et
545 1341 646 1384 Filii,
677 1347 720 1379 et
750 1339 919 1391 Spiritus
950 1344 1091 1385 sancti,
1120 1343 1281 1392 regibus
1311 1356 1357 1380 ac

171 1399 326 1450 populis
354 1400 516 1437 sibimet
543 1401 732 1438 subiectis
764 1398 931 1438 festinet
958 1399 1182 1445 infundere,
1209 1402 1286 1438 ut2
1315 1408 1357 1440 et

173 1461 358 1509 antiquos
403 1461 537 1510 gentis
583 1472 679 1497 suae
723 1472 839 1509 reges
885 1458 1067 1496 laudibus
1114 1472 1159 1496 ac
1204 1462 1355 1498 meritis

172 1523 367 1562 transeat,
400 1523 443 1555 et,
475 1524 627 1568 quanto
659 1520 700 1554 in
734 1519 922 1555 subiectis
955 1520 1034 1555 suis
1068 1520 1191 1556 etiam
1227 1518 1357 1557 aliena

173 1582 341 1626 peccata
367 1576 595 1621 deterserit,
621 1582 737 1613 tanto
764 1579 888 1614 etiam
914 1577 964 1614 de
991 1579 1166 1626 peccatis
1191 1579 1356 1628 propriis

174 1641 269 1673 ante
290 1637 578 1685 omnipotentis
600 1635 677 1673 Dei
700 1635 877 1673 terribile
894 1648 1065 1673 examen
1081 1638 1253 1673 securior
1273 1636 1354 1674 fiat.

225 1695 247 1708 “
268 1695 628 1734 Reverentissimus
657 1694 782 1733 frater
812 1700 948 1733 noster
977 1696 1227 1746 Augustinus
1257 1699 1356 1746 epis-

174 1767 309 1804 copus,
326 1757 366 1791 in
382 1756 613 1791 monasterii
629 1753 767 1804 regula
786 1753 964 1797 edoctus,
980 1767 1114 1791 sacrae
1131 1753 1355 1804 Scripturae

356 1857 367 1875 ¹
392 1856 460 1887 For
477 1860 516 1893 pt,
535 1856 587 1888 Pl.
902 1855 914 1874 ²
936 1860 983 1892 ut,
1000 1855 1156 1896 supplied
1174 1855 1225 1886 Pl.

221 1944 234 1963 ²
259 1943 330 1974 The
347 1943 449 1974 letter
466 1946 503 1973 to
520 1943 681 1977 Meffitus,
699 1942 809 1973 which
827 1942 855 1973 is
871 1941 968 1979 later,
985 1942 1093 1973 shews
1110 1942 1189 1972 that
1205 1941 1355 1983 Gregory

176 1986 330 2026 changed
348 1986 400 2016 his
419 1985 515 2017 mind
531 1986 639 2017 about
656 1985 735 2016 this.

178 2051 246 2086 170
