1473 2322
425 113 536 150 THE
573 113 903 151 VENERABLE
939 113 1087 152 BEDE

167 216 268 253 Cum
291 229 386 266 ergo
410 216 521 254 Deus
544 218 797 266 omnipotens
820 230 888 254 vos
911 217 963 254 ad
983 219 1346 255 reverentissimum

166 280 292 315 virum
316 277 482 316 fratrem
506 283 686 315 nostrum
711 279 983 328 Augustinum
1008 280 1237 328 episcopum
1261 291 1348 328 per-

166 339 340 384 duxerit,
357 339 477 377 dicite
494 342 544 383 ei,
561 339 657 390 quid
672 340 740 377 diu
755 353 913 378 mecum
928 340 979 378 de
995 353 1113 377 causa
1128 339 1350 391 Anglorum

166 404 348 452 cogitans
394 403 586 439 tractavi:
647 401 834 440 videlicet
879 404 973 452 quia
1018 401 1112 439 fana
1158 401 1351 440 idolorum

169 463 321 501 destrui
348 464 388 500 in
416 463 559 501 eadem
585 469 709 513 gente
736 465 900 502 minime
927 463 1128 508 debeant3
1168 463 1239 502 sed
1266 465 1349 513 ipsa

170 538 272 575 quae
297 527 338 561 in
363 527 418 562 eis
443 530 537 562 sunt
561 524 666 562 idola
689 525 971 569 destruantur3
1010 538 1114 576 aqua
1138 525 1351 563 benedicta

169 587 253 631 fiat,
272 589 313 623 in
333 587 485 624 eisdem
505 585 606 624 fanis
627 593 877 638 aspergatur,
897 587 1037 624 altaria
1056 593 1350 631 construantur,

168 648 359 699 reliquiae
388 654 611 698 ponantur:
654 651 750 699 quia
777 651 808 686 si
837 648 932 686 fana
959 649 1102 687 eadem
1130 649 1234 687 bene
1262 662 1352 686 con-

169 716 321 747 structa
353 716 459 754 sunt,
490 723 652 748 necesse
683 716 746 748 est
774 716 821 748 ut
850 723 874 747 a
902 710 1013 748 cultu
1042 711 1284 748 daemonum
1312 712 1352 747 in

170 773 361 822 obsequio
381 774 463 810 veri
485 772 563 809 Dei
583 772 761 809 debeant
780 774 1039 816 commutari3
1073 778 1119 810 ut
1139 772 1234 810 dum
1253 785 1352 823 gens

169 836 255 884 ipsa
288 834 431 871 eadem
465 832 559 870 fana
591 847 663 871 sna
695 847 775 871 non
807 834 918 872 videt
951 834 1116 878 destrui,
1150 834 1200 872 de
1234 834 1352 872 corde

170 908 344 934 errorem
379 896 571 945 deponat,
607 900 650 933 et
686 895 821 934 Deum
856 909 995 934 verum
1030 909 1272 946 cognoscens
1308 909 1353 933 ac

169 960 352 1004 adorans,
389 960 440 997 ad
476 959 562 996 loca
598 973 702 1010 quae
737 962 959 1004 consuevit,
995 959 1226 998 familiarius
1262 973 1354 998 con-

168 1027 314 1059 currat.
369 1022 423 1059 Et
442 1024 536 1071 quia
554 1022 675 1059 boves
694 1021 826 1059 solent
845 1024 885 1059 in
904 1021 1093 1059 sacrificio
1112 1022 1353 1060 daemonum

168 1083 315 1120 multos
346 1083 539 1128 occidere,
569 1083 694 1121 debet
724 1085 779 1121 eis
810 1086 933 1121 etiam
962 1083 1037 1121 hac
1067 1084 1118 1122 de
1148 1097 1190 1122 re
1221 1083 1354 1134 aliqua

171 1145 415 1183 sollemnitas
438 1147 663 1182 immutari:
700 1151 747 1182 ut
770 1145 834 1183 die
858 1145 1132 1189 dedicationis,
1156 1145 1218 1183 vel
1241 1151 1354 1183 nata-

170 1207 243 1244 litii
288 1212 516 1244 sanctorum
560 1212 783 1257 martyrum
828 1220 996 1257 quorum
1041 1207 1117 1244 illic
1161 1207 1353 1257 reliquiae

171 1275 387 1319 ponuntur,
424 1267 683 1306 tabernacula
719 1269 793 1305 sibi
829 1271 932 1306 circa
968 1269 1131 1306 easdem
1169 1269 1352 1306 ecclesias

171 1344 273 1381 quae
302 1344 352 1369 ex
378 1329 480 1367 fanis
507 1335 780 1368 commutatae
808 1336 914 1368 sunt.
943 1330 994 1368 de
1022 1332 1140 1367 ramis
1169 1331 1353 1368 arborum

170 1392 333 1438 faciant,
371 1398 414 1430 et
450 1392 642 1443 religiosis
679 1394 866 1429 conviviis
903 1391 1215 1430 sollemnitatem
1252 1391 1353 1430 cele—

169 1455 311 1499 brent3
355 1468 430 1492 nec
460 1453 617 1492 diabolo
647 1456 727 1491 iam
758 1453 945 1491 animalia
975 1453 1197 1498 immolent,
1229 1459 1272 1491 et
1303 1454 1354 1492 ad

170 1516 330 1554 laudem
351 1516 429 1554 Dei
448 1518 489 1553 in
509 1529 578 1554 esu
598 1529 668 1553 suo
689 1516 875 1553 animalia
893 1516 1090 1560 occidant,
1110 1521 1153 1554 et
1172 1515 1354 1553 donatori

171 1581 348 1615 omnium
375 1579 425 1616 de
452 1580 643 1616 satietate
671 1591 742 1615 sua
768 1580 918 1628 gratias
945 1576 1144 1616 referant:
1186 1583 1232 1615 ut
1257 1577 1354 1615 dum

171 1644 227 1679 eis
255 1640 387 1691 aliqua
415 1643 591 1678 exterius
618 1640 766 1690 gaudia
793 1645 1061 1684 reservantur,
1087 1639 1139 1677 ad
1165 1641 1354 1678 interiora

170 1702 318 1753 gaudia
372 1704 597 1739 consentire
652 1700 803 1738 facilius
859 1700 1032 1739 valeant.
1088 1701 1191 1738 Nam
1245 1701 1352 1738 duris

170 1765 374 1802 mentibus
414 1763 530 1801 simul
569 1765 702 1800 omnia
741 1763 945 1801 abscidere
984 1762 1226 1813 impossibile
1266 1775 1352 1800 esse

172 1839 252 1864 non
288 1826 454 1864 dubium
493 1831 567 1870 est,
605 1827 699 1876 quia
735 1830 778 1863 et
813 1826 845 1862 is
883 1827 951 1875 qui
987 1837 1186 1862 summum
1225 1824 1353 1861 locum

173 1887 388 1926 ascendere
416 1889 570 1932 nititur,
597 1886 785 1938 gradibus
813 1885 875 1924 vel
901 1887 1081 1937 passibus
1109 1899 1188 1923 non
1215 1891 1353 1924 autem

172 1949 337 1987 saltibus
363 1949 554 1988 elevatur.
608 1947 672 1986 Sic
696 1947 915 1987 Israelitico
938 1947 1085 1998 populo
1109 1949 1150 1985 in
1175 1947 1352 1999 AEgypto

175 2040 241 2076 162
