1473 2322
448 164 560 201 THE
596 163 927 201 VENERABLE
962 163 1110 202 BEDE

183 271 225 305 in
246 267 404 306 hostem
419 270 633 318 progressi,
646 269 761 304 iuxta
773 269 964 305 meritum
983 279 1080 304 suae
1101 267 1195 305 fidei
1214 269 1380 305 victoria

185 335 304 382 potiti
324 337 431 369 sunt.
486 332 535 369 In
554 334 665 369 cuius
684 331 771 369 loco
791 333 981 369 orationis
1001 333 1236 369 innumerae
1257 334 1380 369 virtu-

184 403 246 434 tes
277 399 498 434 sanitatum
525 401 745 434 noscuntur
771 409 858 433 esse
884 401 1086 446 patratae,
1113 396 1164 433 ad
1188 395 1379 433 indicium

185 460 372 499 videlicet
401 474 447 498 ac
475 463 711 499 memoriam
741 460 835 498 fidei
872 463 990 510 regis.
1045 459 1150 497 Nam
1180 464 1223 498 et
1251 473 1379 510 usque

184 525 303 564 hodie
327 525 444 563 multi
469 526 519 564 de
543 528 629 576 ipso
652 525 761 576 ligno
777 530 1054 562 sacrosanctae
1078 526 1204 562 crucis
1229 524 1379 561 astulas

186 591 371 628 excidere
396 589 541 635 solent,
567 603 665 640 quas
691 603 782 627 cum
806 592 847 627 in
873 602 997 639 aquas
1034 591 1217 626 miserint
1242 591 1380 639 eisque

184 655 425 705 languentes
466 654 647 692 homines
689 661 761 692 aut
800 654 976 704 pecudes
1026 655 1257 703 potaverint
1296 655 1379 690 sive

189 721 448 770 asperserint,
467 733 562 757 mox
583 721 748 756 sanitati
768 722 1051 756 restituuntur.

237 784 414 821 Vocatur
441 784 550 821 locus
585 783 653 821 ille
688 783 828 833 lingua
864 782 1088 832 Anglorum
1125 781 1379 827 Hefenfesth,

188 849 295 898 quod
308 848 383 886 dici
404 854 541 898 potest
555 847 701 885 Latine
719 847 914 884 Caelestis
935 847 1124 896 Campus,
1143 846 1251 896 quod
1269 851 1380 884 certo

187 916 328 963 utique
341 916 551 964 praesagio
567 912 792 950 futurorum
807 914 1029 962 antiquitus
1042 925 1189 949 nomen
1202 913 1379 960 accepit:

187 977 414 1027 significans
437 979 624 1014 nimirum
649 976 757 1026 quod
779 975 929 1012 ibidem
943 974 1119 1012 caeleste
1143 974 1379 1024 erigendum

187 1048 414 1092 tropaeum,
427 1041 612 1079 caelestis
624 1040 847 1078 inchoanda
861 1042 1040 1084 victoria,
1051 1038 1242 1077 caelestia
1253 1051 1380 1089 usque

188 1106 307 1144 hodie
330 1106 466 1144 forent
487 1105 680 1143 miracula
702 1105 956 1143 celebranda.
1012 1104 1087 1141 Est
1110 1109 1249 1142 autem
1270 1103 1379 1141 locus

189 1175 304 1209 iuxta
318 1185 477 1208 murum
491 1170 619 1216 illum,
641 1171 694 1208 ad
715 1170 958 1220 aquilonem,
974 1183 1054 1219 quo
1069 1169 1240 1206 Romani
1255 1181 1380 1218 quon·

190 1236 283 1273 dam
305 1236 356 1273 ob
375 1235 567 1273 arcendos
586 1236 847 1271 barbarorum
865 1237 1057 1284 impetus,
1074 1239 1205 1270 totam
1230 1246 1253 1270 a
1279 1235 1380 1270 mari

191 1301 242 1338 ad
259 1313 369 1338 mare
390 1302 652 1350 praecinxere
672 1299 929 1343 Brittaniam,
948 1304 995 1335 ut
1020 1311 1141 1347 supra
1160 1298 1378 1335 docuimus.

192 1365 239 1402 In
260 1379 339 1415 quo
359 1363 549 1402 videlicet
567 1363 653 1401 loco
674 1363 1010 1401 consuetudinem
1029 1361 1158 1399 multo
1178 1365 1257 1399 iam
1277 1367 1378 1399 tem-

191 1444 287 1480 pore
310 1429 494 1467 fecerant
519 1429 664 1466 fratres
691 1426 1028 1478 Hagustaldensis
1056 1426 1247 1465 ecclesiae
1275 1438 1379 1476 quae

192 1508 271 1532 non
290 1493 410 1544 longe
431 1495 561 1538 abest,
578 1494 841 1531 advenientes
860 1494 969 1529 omni
988 1504 1092 1528 anno
1112 1491 1239 1541 pridie
1259 1503 1379 1541 quam

192 1565 334 1609 postea
368 1558 477 1596 idem
514 1572 585 1596 rex
623 1557 778 1596 Osuald
814 1559 964 1594 occisus
1003 1562 1078 1601 est,
1115 1554 1270 1606 vigilias
1307 1568 1379 1605 pro

193 1623 322 1662 salute
361 1626 519 1661 animae
558 1626 642 1661 eius
672 1622 819 1667 facere,
847 1620 1100 1672 plurimaque
1138 1619 1380 1671 psalmorum

193 1689 312 1726 laude
355 1686 574 1733 celebrata,
619 1689 822 1724 victimam
872 1699 944 1736 pro
989 1699 1036 1723 eo
1082 1699 1201 1723 mane
1245 1697 1379 1722 sacrae

195 1753 405 1790 oblationis
438 1751 592 1790 offerre.
648 1751 728 1798 Qui
760 1753 884 1789 etiam
915 1755 1122 1788 crescente
1152 1750 1260 1787 bona
1289 1762 1381 1786 con—

195 1818 424 1862 suetudine,
451 1830 580 1867 nuper
607 1816 759 1854 ibidem
787 1814 955 1853 ecclesia
982 1819 1225 1859 constructa,
1252 1826 1381 1851 sacra·

197 1885 339 1920 tiorem
379 1887 422 1919 et
461 1883 614 1918 cunctis
654 1879 988 1917 honorabiliorem
1025 1877 1157 1916 locum
1196 1878 1380 1915 omnibus

198 1947 340 1985 fecere.
395 1945 481 1984 Nec
499 1947 715 1990 immerito,
736 1947 830 1994 quia
849 1943 1016 1988 nullum,
1036 1948 1082 1980 ut
1101 1944 1379 1993 comperimus,

689 2043 702 2062 1
726 2043 776 2074 ef.
795 2053 827 2084 p.
844 2043 897 2074 59.

199 2103 267 2138 330
