1473 2322
442 148 553 185 THE
589 148 919 186 VENERABLE
953 149 1101 188 BEDE

184 253 244 287 nis
257 263 360 300 quae
377 263 449 299 per
460 250 599 288 orbem
613 255 729 287 erant
737 249 884 288 Christi
897 250 1072 289 ecclesiis
1086 254 1347 291 aestimarent
1360 265 1368 297 ;

184 315 287 341 neve
316 308 457 340 contra
485 303 692 354 paschales
723 309 947 354 computos,
979 310 1022 342 et
1058 305 1223 343 decreta
1252 319 1369 357 syno-

184 356 334 394 dalium
365 359 490 394 totius
528 358 632 395 orbis
665 358 914 408 pontificum,
947 357 1057 396 aliud
1086 359 1235 409 pascha
1266 359 1365 398 cele-

183 412 361 448 brarent.

234 463 315 502 Sed
343 469 387 501 et
425 463 624 502 Iohannes
653 467 721 514 qui
749 467 966 502 successori
993 465 1175 502 eiusdem
1202 466 1367 503 Honorii

183 517 373 556 Severino
384 520 589 563 successit,
607 531 698 555 cum
717 518 848 556 adhue
866 524 974 556 esset
989 518 1142 557 electus
1157 521 1198 556 in
1210 520 1369 569 pontifi-

183 577 333 617 catum,
348 585 420 621 pro
436 572 580 610 eodem
597 585 729 610 errore
745 573 980 622 corrigendo
994 573 1132 610 literas
1149 576 1206 611 eis
1221 587 1369 624 magna

183 628 425 664 auctoritate
438 631 562 676 atque
575 626 800 664 eruditione
812 626 951 677 plenas
964 627 1113 664 direxit
1125 638 1133 670 3
1161 628 1370 666 evidenter

183 680 409 725 adstruens,
440 682 535 730 quia
564 680 808 717 dominicum
838 679 1011 730 paschae
1039 681 1148 718 diem
1176 694 1200 718 a
1227 684 1370 732 quinta

183 734 340 771 decima
363 732 460 771 luna
492 747 618 784 usque
648 734 699 772 ad
726 736 955 772 vicesimam
981 736 1166 784 primam,
1193 736 1302 785 quod
1327 738 1369 772 in

184 787 362 825 Nicaena
411 788 564 839 synodo
614 788 829 837 probatum
880 793 957 833 est,
1002 793 1165 837 oportet
1209 791 1366 839 inquiri.

184 840 350 879 Necnon
383 846 426 878 et
459 854 531 890 pro
565 840 783 891 Pelagiana
814 840 986 886 haeresi,
1015 855 1135 892 quam
1165 842 1273 891 apud
1301 856 1369 881 eos

183 897 417 932 reviviscere
463 895 673 940 didicerat,
719 894 899 933 cavenda
944 907 990 932 ac
1035 894 1283 945 repellenda,
1327 899 1367 933 in

183 949 327 987 eadem
382 947 468 985 illos
527 948 699 998 epistola
757 948 974 987 admonere
1026 951 1202 994 curavit3
1257 951 1368 988 cuius

183 1002 377 1053 epistolae
406 1004 644 1052 principium
672 1001 747 1038 hoc
776 1008 860 1040 est:

233 1055 554 1094 “Dilectissimis
591 1062 634 1094 et
669 1057 929 1094 sanctissimis
964 1055 1173 1100 Tomiano‚
1209 1054 1369 1094 Colum-

181 1111 301 1155 bano,
344 1109 556 1155 Cromano,
598 1109 775 1155 Dinnao,
819 1115 863 1148 et
904 1108 1103 1146 Baithano
1148 1111 1367 1160 episcopis3

183 1163 394 1208 Cromano,
408 1163 680 1214 Ernianoque‚
697 1163 922 1208 Laistrano‚
937 1162 1135 1208 Scellano,
1151 1168 1194 1201 et
1208 1162 1367 1214 Segeno

182 1219 450 1268 presbyteris3
516 1217 681 1261 Sarano,
733 1220 959 1267 ceterisque
1011 1217 1241 1254 doctoribus
1294 1231 1366 1255 seu

183 1272 396 1309 abbatibus
418 1270 579 1316 Scottis,
601 1270 762 1308 Hilarus
784 1270 1120 1321 archipresbyter,
1142 1276 1185 1309 et
1205 1284 1366 1309 servans

180 1325 312 1363 locum
342 1330 506 1362 sanctae
527 1325 632 1363 sedis
655 1324 913 1374 apostolieae,
933 1324 1132 1362 Iohannes
1163 1324 1366 1370 diaconus,

183 1385 225 1417 et
258 1382 300 1416 in
333 1379 415 1417 Dei
449 1381 611 1418 nomine
645 1377 821 1416 electus:
861 1380 962 1416 item
998 1377 1196 1416 Iohannes
1231 1381 1366 1428 primi-

181 1436 323 1477 cerius,
350 1438 392 1471 et
422 1445 584 1470 servans
613 1431 747 1470 locum
776 1438 940 1470 sanctae
971 1432 1076 1470 sedis
1108 1431 1366 1482 apostolicae,

182 1494 224 1525 et
244 1487 444 1524 Iohannes
463 1499 599 1525 servus
620 1486 713 1531 Dei,
732 1486 976 1524 consiliarius
1001 1486 1181 1524 eiusdem
1207 1492 1366 1536 aposto-

180 1541 280 1578 licae
325 1541 443 1578 sedis.
517 1539 675 1590 Scripta
711 1553 816 1590 quae
853 1538 1074 1590 perlatores
1113 1539 1165 1577 ad
1201 1545 1364 1577 sanctae

180 1597 398 1632 memoriae
429 1593 664 1632 Severinum
695 1607 843 1644 papam
873 1593 1145 1638 adduxerunt,
1171 1598 1215 1631 et
1240 1606 1288 1632 eo
1314 1593 1366 1632 de

180 1649 255 1686 hac
283 1647 373 1686 luce
402 1651 619 1697 migrante,
645 1650 848 1698 reciproca
877 1660 1069 1697 responsa
1100 1647 1152 1684 ad
1182 1659 1231 1684 ea
1260 1660 1364 1698 quae

186 1701 391 1753 postulata
421 1702 597 1746 fuerant,
629 1700 839 1739 siluerunt.
895 1700 1051 1747 Quibus
1081 1702 1284 1746 reseratis,
1312 1714 1365 1738 ne

181 1757 248 1794 diu
278 1761 419 1793 tantae
446 1757 693 1806 quaestionis
719 1755 848 1805 caligo
874 1755 1095 1793 indiscussa
1121 1759 1364 1800 remaneret,

224 1934 235 1953 ¹
258 1932 442 1964 Severinus
473 1941 544 1962 was
576 1930 699 1962 buried
730 1931 868 1972 August
899 1932 932 1967 2,
961 1931 1043 1968 640;
1083 1929 1179 1962 John
1205 1929 1255 1961 IV
1283 1940 1361 1962 con-

178 1975 335 2007 secrated
354 1973 545 2006 December
566 1975 620 2011 25,
645 1974 721 2011 640,
746 1973 816 2005 and
838 1973 899 2006 the
921 1973 1026 2005 letter
1047 1972 1185 2004 written
1207 1972 1363 2005 between

180 2019 314 2059 August
328 2017 398 2049 and
413 2016 616 2054 December,
631 2016 685 2049 Pl.

179 2090 250 2128 310
