1473 2322
404 131 514 169 THE
553 130 883 169 VENERABLE
919 130 1066 168 BEDE

146 240 254 272 tates
305 234 529 284 explicant:
594 234 615 247 “
635 233 853 284 Repellunt
899 233 1058 271 barbari
1107 234 1158 270 ad
1205 246 1329 276 mare,

146 287 307 338 repellit
325 301 437 326 mare
464 287 516 324 ad
542 287 755 331 barbaros3
794 290 901 324 inter
928 286 1027 324 haec
1047 289 1228 324 oriuntur
1247 286 1326 323 duo

145 354 296 392 genera
333 340 534 384 funerum,
573 346 645 378 aut
682 340 923 391 iugulamur,
961 346 1033 377 aut
1069 338 1329 390 mergimur.’'

147 395 290 444 Neque
315 393 415 431 haec
441 399 580 431 tamen
606 399 775 444 agentes
804 396 1019 444 quicquam
1039 393 1089 430 ab
1108 393 1175 429 illo
1195 391 1331 429 auxilii

145 451 363 497 impetrare
411 449 641 497 quiverunt,
687 452 832 497 utpote
880 449 948 497 qui
994 448 1236 497 gravissimis
1283 459 1331 483 eo

147 507 329 551 tempore
341 499 455 538 bellis
467 513 559 538 cum
571 500 736 538 Blaedla
748 506 791 538 et
802 500 933 538 Attila
944 500 1106 551 regibus
1119 499 1330 536 Hunorum

148 560 236 592 erat
249 559 480 604 occupatus.
534 554 589 591 Et
603 556 783 604 quamvis
799 567 903 590 anno
919 558 1014 591 ante
1029 552 1134 590 hunc
1148 555 1330 603 proximo

146 607 311 645 Blaedla
339 607 495 644 Attilae
523 606 657 644 fratris
692 610 752 644 sui
787 609 840 644 sit
868 609 1137 656 interemptus
1165 606 1331 649 insidiis,

147 661 278 698 Attila
322 666 462 698 tamen
509 663 595 711 ipse
642 660 743 698 adeo
790 659 1051 698 intolerabilis
1088 659 1332 709 reipublicae

146 717 339 752 remansit
376 714 515 758 hostis,
554 719 600 751 ut
637 719 767 751 totam
804 727 910 764 pene
948 713 1152 763 Europam
1190 715 1331 750 excisis

146 770 373 818 invasisque
419 768 647 805 civitatibus
694 772 818 817 atque
863 766 1036 804 castellis
1081 766 1331 804 conroderet.

147 820 255 868 Quin
281 827 324 858 et
348 821 491 858 iisdem
517 821 765 870 temporibus
791 819 918 858 fames
945 819 1333 869 Constantinopolim

149 877 316 911 invasit:
353 887 428 911 nec
450 887 562 911 mora
584 876 708 924 pestis
731 880 871 912 secuta
895 879 978 917 est;
1016 873 1087 910 sed
1111 879 1153 910 et
1175 872 1334 922 plurimi

151 928 331 966 eiusdem
344 928 451 964 urbis
463 929 566 964 muri
579 940 670 964 cum
683 929 977 977 quinquaginta
988 931 1146 976 septem
1158 926 1333 963 turribus

149 986 405 1024 corruerunt3
468 980 603 1018 multis
653 994 813 1030 quoque
862 980 1091 1017 civitatibus
1139 979 1333 1029 conlapsis

150 1034 276 1072 fames
304 1040 347 1072 et
373 1047 511 1072 aerum
537 1033 705 1084 pestifer
732 1034 828 1071 odor
853 1033 969 1084 plura
993 1032 1200 1071 hominum
1225 1032 1333 1070 milia

150 1091 503 1138 iumentorumque
525 1087 686 1125 delevit.

609 1315 725 1354 CAP.
763 1316 860 1353 XIV
875 1316 890 1340 1

157 1394 207 1433 Ut
225 1394 281 1431 Bt
281 1400 415 1433 ettones
424 1395 538 1447 fame
545 1396 707 1448 famosa
726 1397 854 1441 coacti,
875 1396 1050 1434 barbaros
1069 1396 1147 1434 suis
1165 1410 1185 1434 e
1189 1395 1336 1447 finibus

247 1449 488 1500 pepulerint,·
546 1463 611 1487 nec
654 1463 770 1495 mora,
803 1449 967 1502 frugum
1012 1450 1131 1501 copia,
1176 1449 1336 1495 luxuria,

248 1502 471 1552 pestilentia,
490 1508 524 1541 et
541 1503 791 1541 exterminium
806 1503 928 1555 gentis
946 1509 1104 1541 secutum
1123 1503 1182 1541 sit.

204 1582 382 1621 INTEREA
427 1584 641 1623 Brettones
688 1584 815 1622 fames
862 1598 933 1621 sua
979 1583 1164 1634 praefata
1208 1586 1336 1635 magis

154 1638 362 1687 magisque
383 1637 585 1682 adficiens,
606 1651 652 1675 ac
671 1637 821 1675 famam
848 1651 944 1675 suae
970 1638 1148 1675 malitiae
1167 1640 1337 1687 posteris

153 1689 384 1727 diuturnam
417 1691 661 1741 relinquens,
693 1691 841 1729 multos
876 1704 1013 1729 eorum
1047 1694 1181 1741 coegit
1212 1693 1337 1728 victas

155 1741 310 1780 infestis
325 1744 594 1793 praedonibus
614 1745 709 1782 dare
724 1757 881 1789 manus,
897 1744 992 1782 alios
1009 1758 1102 1782 vero
1117 1757 1337 1794 nunquam,

155 1798 250 1845 quin
281 1800 414 1846 potius
445 1797 693 1836 confidentes
723 1800 765 1835 in
797 1798 988 1835 Divinum
1019 1799 1087 1835 ubi
1117 1797 1338 1835 humanum

154 1850 338 1888 cessabat
371 1850 577 1896 auxilium,
611 1852 662 1890 de
696 1854 789 1901 ipsis
823 1852 1026 1889 montibus
1060 1850 1257 1900 speluncis
1293 1863 1338 1888 ac

510 1937 521 1956 ¹
544 1936 676 1977 Mainly
690 1936 777 1968 from
793 1935 922 1972 Gildas,
938 1936 954 1975 ξ
968 1937 1020 1968 20.

159 2067 180 2103 6
504 2024 514 2042 ¹
539 2022 699 2063 Through
717 2021 940 2062 earthquake,
959 2023 1033 2054 447.

183 2079 206 2112 4
