1473 2322
391 167 503 204 THE
544 165 876 204 VENERABLE
913 165 1062 203 BEDE

129 269 362 308 Creatorem
394 282 510 306 suum
542 272 730 318 suscepto
764 267 1015 306 Christianae
1049 267 1141 305 fidei
1175 281 1315 318 agnos-

128 338 266 372 cerent
281 337 544 371 sacramento.
600 332 720 379 Quod
735 332 923 382 equidem
938 333 979 368 in
995 336 1151 370 vestrae
1167 331 1315 382 gloriae

128 398 308 435 sensibus
336 396 501 435 caelesti
529 396 733 434 conlatum
759 409 926 434 munere
953 398 1124 446 mystica
1151 409 1316 446 regene—

128 464 291 500 rationis
327 466 484 500 vestrae
519 463 707 511 purgatio
741 465 932 511 patenter
965 462 1108 497 innuit.
1165 459 1318 510 Magno

130 539 225 577 ergo
265 525 463 577 largitatis
508 525 744 563 Dominicae
787 524 983 562 beneficio
1025 537 1139 562 mens
1182 527 1318 561 nostra

129 591 275 641 gaudio
289 590 499 634 exultavit,
513 590 621 639 quod
632 588 845 627 scintillam
858 588 1106 625 orthodoxae
1119 587 1318 638 religionis

129 658 169 692 in
195 660 327 693 vestra
343 655 358 678 1
385 655 573 704 dignatus
600 658 663 691 est
688 653 937 691 confessione
963 653 1229 696 succendere3
1269 665 1319 690 ex

131 734 210 771 qua
246 734 288 758 re
327 733 406 757 non
444 719 571 757 solum
610 718 768 769 gloriosi
807 719 986 768 coniugis
1024 719 1161 762 vestri,
1198 719 1320 753 immo

131 787 253 823 totius
301 787 434 835 gentis
482 784 715 833 subpositae
763 783 872 821 vobis
921 781 1234 832 intelligentiam
1280 783 1320 817 in

131 863 265 887 amore
289 851 348 887 sui
373 847 490 885 facile
515 846 796 884 inflammaret.

184 914 203 925 “
224 913 446 951 Didicimus
475 924 650 962 namque
678 910 946 948 referentibus
975 910 1049 954 his,
1077 913 1145 960 qui
1173 910 1225 948 ad
1250 923 1320 948 nos

131 978 289 1029 gloriosi
318 977 385 1014 filii
414 978 539 1014 nostri
567 974 799 1012 Audubaldi
827 976 932 1025 regis
959 973 1204 1012 laudabilem
1231 987 1322 1013 con-

132 1045 355 1081 versionem
370 1042 605 1078 nuntiantes
622 1043 909 1090 pervenerunt,
926 1039 1033 1089 quod
1050 1041 1174 1077 etiam
1190 1043 1322 1077 vestra

131 1106 269 1158 gloria,
287 1105 539 1144 Christianae
559 1104 652 1142 fidei
667 1107 855 1153 suscepto
870 1102 1041 1140 mirabili
1057 1107 1321 1146 sacramento,

132 1173 204 1222 piis
239 1176 282 1209 et
314 1170 404 1208 Deo
436 1168 592 1219 placitis
625 1170 775 1219 iugiter
806 1168 993 1218 operibus
1027 1169 1239 1212 enitescat,
1273 1168 1322 1204 ab

133 1235 327 1274 idolorum
361 1236 485 1272 etiam
517 1232 628 1270 cultu
661 1245 733 1270 seu
765 1232 950 1269 fanorum
984 1233 1322 1282 auguriorumque

132 1300 340 1338 inlecebris
374 1312 418 1336 se
451 1296 667 1348 diligenter
700 1297 918 1340 abstineat,
952 1299 995 1334 et
1026 1297 1084 1332 ita
1116 1298 1157 1333 in
1189 1308 1322 1332 amore

134 1363 414 1413 Redemptoris
457 1363 518 1399 sui
560 1359 805 1398 immutilata
847 1360 1062 1398 devotione
1105 1361 1322 1409 persistens

135 1427 328 1478 invigilet,
350 1431 397 1464 ut
419 1426 471 1463 ad
492 1424 742 1462 dilatandam
765 1423 1034 1462 Christianam
1056 1424 1177 1462 fidem
1198 1425 1323 1462 inee3<

134 1491 313 1530 §abiliter
338 1504 419 1528 non
445 1490 616 1528 desistat
643 1501 808 1539 operam
834 1488 1112 1526 commodare:
1152 1500 1324 1538 cumque

135 1558 184 1594 de
215 1556 385 1607 glorioso
416 1556 586 1604 coniuge
617 1557 751 1591 vestro
781 1557 954 1602 paterna
982 1554 1127 1590 caritas
1158 1551 1324 1590 sollicite

136 1622 408 1671 perquisisset,
431 1619 703 1668 cognovimus,
727 1616 835 1667 quod
857 1620 1026 1654 eatenus
1049 1616 1324 1653 abominandis

136 1684 247 1723 idolis
264 1685 454 1727 serviens,
471 1682 523 1720 ad
537 1681 833 1731 suscipiendam
849 1693 988 1718 vocem
1003 1680 1324 1730 praedicatorum

136 1763 249 1788 suam
280 1746 481 1786 distulerit
512 1746 788 1784 obedientiam
819 1744 1024 1783 exhibere.
1079 1744 1170 1791 Qua
1201 1757 1251 1782 ex
1282 1758 1324 1782 re

136 1827 216 1851 non
231 1812 388 1850 modica
404 1811 517 1848 nobis
536 1809 762 1847 amaritudo
780 1813 973 1860 congesta
991 1813 1067 1852 est,
1084 1809 1135 1845 ab
1153 1821 1201 1846 eo
1218 1808 1326 1858 quod

136 1892 226 1928 pars
259 1877 430 1926 eorporis
463 1877 585 1912 vestri
617 1874 669 1911 ab
700 1875 907 1924 agnitione
939 1886 1120 1911 summae
1152 1876 1195 1911 et
1225 1872 1325 1910 indi-

138 1942 280 1979 viduae
300 1940 507 1977 Trinitatis
530 1939 722 1977 remansit
743 1941 948 1976 extranea.
1006 1935 1126 1975 Unde
1147 1938 1324 1989 paternis

567 2032 579 2055 ²
602 2031 656 2064 for
675 2030 783 2067 vestri,
801 2030 897 2063 MSS.

141 2089 210 2136 264
