1473 2322
449 113 561 150 THE
596 113 925 150 VENERABLE
960 113 1107 150 BEDE

184 219 464 266 opportunitas
486 219 703 267 exegisset,
724 229 814 253 cum
831 219 1008 266 quinque
1029 222 1189 254 tantum
1212 223 1283 254 aut
1303 231 1372 255 sex

184 283 373 317 ministris
408 281 611 324 veniebat,
646 286 689 317 et
723 280 886 330 expleta
919 283 959 317 in
994 281 1160 317 ecclesia
1193 285 1373 318 oratione

184 343 430 380 discedebat.
487 343 605 390 Quod
628 346 658 380 si
682 343 786 380 forte
810 357 877 380 eos
899 344 952 380 ibi
976 344 1084 381 refici
1105 347 1371 395 contingeret,

183 407 350 456 simplici
373 413 534 444 tantum
557 413 600 445 et
622 407 856 457 quotidiano
878 407 1047 445 fratrum
1069 408 1157 444 cibo
1179 411 1373 453 contenti,

183 471 236 507 nil
257 471 362 508 ultra
383 472 646 521 quaerebant.
701 472 804 508 Tota
825 475 931 508 enim
951 471 1029 509 fuit
1048 478 1144 510 tunc
1164 472 1372 510 solicitudo

183 534 412 571 doctoribus
446 535 535 579 illis,
572 536 660 572 Deo
696 536 908 580 serviendi,
942 549 1022 572 non
1056 536 1237 580 saecu103
1285 542 1373 574 tota

182 614 275 638 cura
316 602 444 639 cordis
486 602 709 647 excolendi,
750 616 829 639 non
870 605 1032 640 ventris.
1090 602 1209 640 Unde
1251 609 1293 640 et
1332 606 1371 641 in

181 681 328 717 magna
379 673 465 704 erat
517 671 775 704 veneratione
825 673 1007 718 tempore
1057 667 1122 704 illo
1171 668 1371 718 religionis

181 730 365 769 habitus:
422 735 478 768 ita
526 738 571 769 ut
617 732 859 782 ubicumque
905 732 1069 769 clericus
1115 732 1255 783 aliquis
1302 740 1372 771 aut

181 796 398 833 monachus
419 797 641 841 adveniret,
660 797 887 847 gaudenter
906 797 956 833 ab
975 798 1158 834 omnibus
1177 803 1371 848 tanquam

181 861 259 898 Dei
281 860 453 898 famulus
476 865 753 911 exciperetur:
776 865 899 898 etiam
921 865 950 898 si
973 865 1013 898 in
1033 864 1178 899 itinere
1199 876 1371 914 pergens

180 927 442 970 inveniretur,
470 926 752 970 adcurrebant,
780 932 822 963 et
849 925 954 963 flexa
982 929 1133 963 cervice
1161 926 1223 963 vel
1250 941 1370 965 manu

180 992 341 1040 signari,
366 990 429 1027 vel
453 1003 520 1027 ore
545 990 646 1027 illius
671 1003 713 1027 se
737 991 922 1027 benedici
945 990 1202 1041 gaudebant3
1242 992 1370 1029 verbis

180 1067 341 1104 quoque
394 1053 535 1091 horum
588 1053 869 1091 exhortatoriis
921 1054 1137 1105 diligenter
1188 1055 1369 1092 auditum

179 1119 443 1168 praebebant.
499 1118 579 1156 Sed
603 1124 645 1156 et
667 1119 808 1156 diebus
832 1119 1051 1156 Dominicis
1075 1119 1125 1156 ad
1148 1119 1356 1156 ecclesiam

179 1185 261 1219 sive
286 1183 336 1220 ad
360 1186 604 1220 monasteria
628 1186 828 1227 certatim,
853 1196 932 1219 non
956 1183 1158 1220 reficiendi
1183 1187 1370 1233 corporis,

178 1247 250 1284 sed
275 1247 464 1284 audiendi
490 1250 682 1284 sermonis
708 1247 786 1284 Dei
811 1250 942 1297 gratia
967 1246 1246 1285 confluebant:
1272 1253 1314 1285 et
1338 1251 1369 1285 si

179 1314 266 1361 quis
309 1311 564 1348 sacerdotum
607 1314 647 1348 in
690 1314 819 1348 vicum
863 1311 966 1348 forte
1010 1311 1232 1355 deveniret,
1275 1325 1368 1348 mox

179 1378 413 1426 congregati
450 1379 491 1412 in
528 1389 651 1412 unum
689 1378 831 1419 vicani,
868 1376 1035 1412 verbum
1071 1378 1178 1413 vitae
1216 1376 1266 1413 ab
1303 1376 1368 1413 illo

179 1446 373 1489 expetere
396 1440 603 1477 curabant.
661 1440 764 1476 Nam
786 1453 918 1490 neque
940 1440 1018 1476 alia
1038 1443 1132 1490 ipsis
1154 1441 1367 1478 sacerdoti-

178 1504 251 1541 bus
285 1510 357 1541 aut
388 1504 539 1541 clericis
572 1507 675 1541 vicos
722 1504 910 1548 adeundi,
944 1517 1065 1554 quam
1096 1505 1368 1554 praedicandi,

177 1568 424 1618 baptizandi,
449 1568 624 1605 infirmos
648 1568 849 1613 visitandi,
875 1574 930 1613 et,
955 1574 1001 1605 ut
1024 1569 1200 1605 breviter
1224 1569 1367 1607 dicam,

179 1636 330 1669 animas
356 1633 520 1669 curandi
545 1645 665 1669 causa
690 1631 789 1669 fuit:
830 1635 897 1682 qui
923 1635 962 1669 in
988 1638 1149 1669 tantum
1175 1639 1290 1669 erant
1316 1633 1366 1669 ab

178 1699 285 1733 omni
310 1699 500 1733 avaritiae
524 1702 640 1745 peste
663 1699 864 1747 castigati,
887 1703 933 1733 ut
956 1710 1074 1733 nemo
1097 1699 1297 1733 territoria
1321 1710 1366 1733 ac

178 1764 446 1810 possessiones
466 1761 516 1797 ad
533 1761 802 1797 construenda
819 1763 1076 1804 monasteria,
1093 1763 1166 1797 nisi
1185 1774 1207 1797 a
1224 1767 1366 1810 poten-

178 1824 286 1861 tibus
318 1823 464 1860 saeculi
497 1829 671 1867 coactuS,
704 1826 915 1873 acciperet.
972 1823 1087 1870 Quae
1119 1825 1366 1861 consuetudo

224 1935 236 1954 ยน
261 1935 303 1966 In
322 1937 478 1965 contrast
494 1938 531 1965 to
550 1934 672 1964 Bede's
690 1944 765 1964 own
783 1934 877 1971 time,
897 1944 935 1965 as
953 1934 1068 1966 shewn
1085 1934 1121 1965 in
1139 1934 1191 1965 his
1208 1934 1309 1966 letter
1326 1938 1364 1966 to

178 1977 319 2017 Egbert,
337 1977 542 2018 archbishop
558 1977 593 2009 of
607 1977 713 2013 York,
731 1977 805 2010 734.

177 2042 247 2084 482
