1473 2322
440 107 553 147 THE
591 107 926 147 VENERABLE
963 107 1111 146 BEDE

182 217 265 256 est,
288 216 600 262 susceptamque
625 211 747 249 fidem
770 211 945 248 Brittani
970 223 1097 261 usque
1120 213 1163 248 in
1186 215 1372 261 tempora

182 265 425 303 Diocletiani
451 267 639 315 principis
664 264 898 302 inviolatam
922 267 1206 315 integramque
1232 267 1372 315 quieta

181 321 223 355 in
239 331 340 369 pace
358 319 588 356 servabant.

664 469 781 508 CAP.
818 470 853 507 V
867 469 885 495 1

188 555 238 593 Ut
269 555 425 594 Severus
457 561 637 608 receptam
666 555 880 646 ffirittanz'ae
903 561 1048 607 partem
1075 555 1174 594 vallo
1203 569 1228 593 a
1255 561 1374 594 cetera

692 610 886 647 zslim'erit.

234 695 353 732 Amo
395 696 445 732 ab
484 697 761 733 incarnatione
801 695 966 732 Domini
1005 697 1227 733 centesimo
1266 699 1374 732 octo-

184 751 338 799 gesimo
365 761 486 793 nonO,
512 748 683 786 Severus
707 762 858 799 genere
886 748 988 786 Afer
1014 749 1301 799 Tripolitanus,
1323 748 1374 785 ab

185 803 333 852 oppido
347 802 483 852 Lepti,
496 803 675 840 decimus
687 805 884 852 septimus
898 803 948 840 ab
962 803 1149 852 Augusto
1161 804 1374 852 imperium

186 856 373 906 adeptus,
394 856 534 893 decem
557 861 601 893 et
620 861 779 905 septem
795 858 908 893 annis
928 858 1076 893 tenuit.
1131 855 1207 892 Hie
1228 861 1375 892 natura

185 921 342 953 saevus,
369 909 507 946 multis
547 922 708 958 semper
746 909 862 946 bellis
902 909 1126 953 lacessitus,
1154 908 1371 946 fortissime

187 963 349 1011 quidem
405 962 710 1012 rempublicam,
765 963 837 1000 sed
892 962 1200 1000 laboriosissime
1254 964 1373 1000 rexit.

187 1016 324 1053 Victor
357 1029 453 1067 ergo
487 1016 662 1053 civilium
695 1015 892 1053 bellorum
927 1028 1031 1066 quae
1065 1018 1103 1054 ei
1139 1017 1374 1067 gravissima

186 1075 456 1114 occurrerant,
497 1072 539 1106 in
580 1069 800 1106 Brittanias
843 1068 1007 1107 defectu
1049 1082 1155 1119 pene
1197 1071 1373 1107 omnium

186 1125 382 1160 sociorum
410 1122 599 1168 trahitur,
629 1123 697 1160 ubi
725 1125 882 1173 magnis
910 1123 1180 1173 gravibusque
1213 1122 1374 1173 proeliis

185 1189 306 1226 saepe
351 1179 492 1227 gestis,
529 1182 737 1226 receptam
774 1182 934 1226 partem
972 1176 1126 1213 insulae
1165 1189 1187 1213 a
1225 1179 1370 1214 ceteris

186 1230 390 1267 indomitis
410 1231 616 1279 gentibus,
636 1243 716 1267 non
735 1243 865 1274 muro,
885 1236 932 1267 ut
952 1230 1116 1279 quidam
1142 1232 1375 1275 aestimant,

185 1284 257 1321 sed
279 1283 382 1321 vallo
404 1284 733 1333 distinguendam
753 1286 926 1333 putavit.
983 1283 1126 1320 Murus
1149 1286 1302 1321 etenim
1323 1283 1375 1321 de

186 1336 400 1387 lapidibus,
440 1337 588 1374 vallum
630 1350 724 1375 vero
765 1350 845 1386 quo
886 1337 939 1374 ad
978 1337 1254 1386 repellendam
1295 1339 1374 1374 vim

186 1390 361 1428 hostium
390 1396 522 1427 castra
550 1393 787 1428 muniuntur
815 1390 862 1427 fit
889 1390 940 1428 de
969 1391 1203 1440 cespitibus,
1230 1391 1375 1441 quibus

185 1446 438 1488 circumcisis,
455 1457 476 1482 e
492 1450 602 1482 terra
617 1444 729 1481 velut
743 1456 881 1481 murus
898 1446 1120 1481 exstruitur
1135 1443 1240 1481 altus
1255 1457 1375 1495 supra

186 1503 350 1542 terram,
376 1500 435 1535 ita
461 1503 507 1535 ut
533 1501 573 1534 in
600 1503 697 1535 ante
724 1500 776 1535 sit
801 1496 922 1541 fossa,
948 1497 999 1536 de
1026 1510 1107 1547 qua
1131 1497 1255 1535 levati
1280 1503 1376 1535 sunt

185 1554 373 1601 cespites,
413 1564 534 1601 supra
575 1564 697 1601 quam
737 1551 857 1588 sudes
898 1551 950 1588 de
991 1550 1109 1602 lignis
1149 1549 1374 1588 fortissimis

184 1604 474 1655 praefiguntur.
525 1604 670 1655 Itaque
683 1604 854 1642 Severus
866 1617 1057 1655 magnam
1071 1603 1219 1642 fossam
1233 1604 1373 1642 firmis-

232 1709 243 1728 ¹
267 1708 369 1740 From
390 1708 528 1740 Orosius
552 1709 610 1740 vii.
637 1710 688 1746 17,
711 1711 835 1750 except
857 1709 911 1740 for
931 1708 992 1740 the
1015 1718 1158 1750 passage
1181 1708 1291 1741 about
1313 1709 1373 1740 the

186 1762 300 1784 murus
314 1751 384 1783 and
399 1752 532 1783 vallum.

230 1856 242 1874 1
266 1855 337 1886 The
353 1854 444 1896 right
458 1855 539 1886 date
553 1855 582 1886 is
596 1864 669 1886 ΑΒ.
689 1855 760 1886 193.

230 1897 243 1916 ²
265 1897 358 1929 Bede
382 1898 462 1929 does
485 1901 548 1928 not
570 1908 632 1938 say
656 1897 766 1928 where
789 1896 933 1928 Severus
957 1895 1046 1928 built
1070 1896 1129 1928 the
1153 1896 1285 1928 vallum.
1339 1898 1374 1929 It

186 1950 294 1971 seems
314 1940 390 1971 best
410 1943 447 1971 to
467 1940 636 1972 attribute
656 1940 716 1971 the
735 1940 820 1971 lines
841 1939 996 1971 between
1016 1939 1076 1971 the
1095 1939 1200 1980 Clyde
1221 1939 1291 1971 and
1313 1940 1371 1972 the

187 1983 293 2014 Forth
309 1987 346 2014 to
361 1983 557 2015 Antoninus
572 1983 665 2021 Pius,
680 1983 750 2014 and
766 1982 825 2014 the
839 1982 917 2014 wall
932 1982 1021 2014 from
1036 1981 1095 2014 the
1111 1982 1247 2023 Solway
1261 1986 1299 2015 to
1314 1983 1372 2016 the

190 2056 237 2092 30
