1473 2322
467 166 579 205 THE
615 166 945 204 VENERABLE
981 166 1128 204 BEDE

256 270 365 316 Quid
398 268 555 307 multa?
608 267 860 307 Procedente
895 274 1080 319 tempore
1117 274 1161 307 et
1194 271 1281 319 ipse
1317 269 1392 306 sibi

207 333 493 369 monasterium
543 333 586 368 in
636 344 716 382 quo
764 330 929 369 liberius
969 330 1210 369 caelestibus
1250 330 1393 368 studiis

205 398 380 438 vacaret,
405 395 651 430 construxit:
690 394 759 430 ubi
784 398 990 443 correptus
1015 392 1264 437 infirmitate,
1289 394 1393 429 sicut

204 453 361 494 libellus
388 455 440 494 de
468 457 552 492 vita
579 457 663 493 eius
691 457 938 505 conscriptus
965 455 1209 492 sufficienter
1235 454 1393 499 edocet,

204 522 344 567 raptus
372 522 435 556 est
463 531 485 555 e
513 530 700 568 corpore:
743 522 787 556 et
814 530 839 554 a
865 530 1034 567 vespera
1061 529 1189 567 usque
1217 516 1270 554 ad
1297 515 1394 566 galli

205 585 369 618 cantum
403 593 568 629 corpore
604 584 766 625 exutus,
801 579 1073 630 angelicorum
1109 581 1316 629 agminum
1351 583 1396 616 et

205 646 391 690 aspectus
423 642 587 685 intueri,
620 645 664 678 et
700 639 840 677 laudes
877 640 1020 678 beatas
1058 642 1208 678 meruit
1240 639 1393 677 audire.

204 702 372 741 Referre
402 708 541 740 autem
573 707 662 740 erat
691 702 846 747 solitus,
877 702 985 752 quod
1016 707 1158 752 aperte
1189 715 1257 740 eos
1287 703 1396 739 inter

206 764 283 800 alia
307 777 495 801 resonare
523 763 704 801 audiret:
746 762 768 776 “
790 763 914 800 Ibunt
941 766 1069 800 sancti
1096 763 1148 801 de
1175 765 1326 801 virtute
1353 765 1395 800 in

205 824 439 864 virtutem.''
492 825 548 863 Et
577 828 748 864 iterum:
794 824 817 838 “
836 825 1051 863 Videbitur
1082 825 1195 863 Deus
1226 825 1395 864 deorum

205 891 246 925 in
278 886 414 925 Sion.”
468 887 548 935 Qui
580 887 772 926 reductus
806 889 848 924 in
880 901 1060 938 corpore,
1095 893 1138 926 et
1171 888 1237 926 die
1271 889 1396 925 tertia

204 963 361 986 rursum
390 948 574 994 eductus,
603 948 704 986 vidit
732 961 813 985 non
841 947 970 985 solum
998 950 1151 986 maiora
1178 948 1394 986 beatorum

204 1011 366 1062 gaudia,
387 1011 461 1048 sed
482 1016 526 1049 et
545 1013 723 1048 maxima
743 1010 1011 1061 malignorum
1032 1013 1245 1061 spirituum
1267 1015 1396 1049 certa-

203 1076 327 1118 mina,
362 1075 431 1123 qui
465 1073 614 1111 crebris
649 1073 970 1110 accusationibus
1005 1073 1191 1123 improbi,
1226 1075 1305 1110 iter
1337 1071 1395 1109 illi

204 1134 380 1173 caeleste
426 1133 697 1173 intercludere
744 1134 1071 1179 contendebant3
1132 1147 1208 1172 nec
1253 1139 1394 1172 tamen

204 1197 513 1247 protegentibus
542 1210 636 1234 eum
670 1195 824 1247 angelis
862 1198 1077 1247 quicquam
1106 1196 1393 1246 proficiebant:

204 1259 255 1296 de
276 1259 420 1309 quibus
445 1258 629 1295 omnibus
654 1260 686 1296 si
712 1260 800 1309 quis
824 1257 982 1308 plenius
1006 1260 1106 1296 scire
1132 1257 1231 1303 vult,
1251 1257 1293 1295 id
1317 1263 1394 1303 est,

205 1326 358 1371 quanta
386 1319 537 1358 fraudis
565 1319 744 1358 sollertia
773 1320 991 1358 daemones
1020 1325 1064 1358 et
1093 1326 1206 1358 actus
1236 1322 1321 1358 eius
1351 1325 1394 1358 et

204 1383 328 1420 verba
346 1381 562 1432 superflua,
583 1387 626 1420 et
644 1384 751 1432 ipsas
772 1384 896 1420 etiam
916 1384 1198 1432 cogitationes,
1219 1384 1333 1432 quasi
1352 1383 1394 1418 in

203 1444 304 1482 libro
349 1444 585 1494 descriptaS,
628 1442 934 1494 replicaverint3
993 1457 1098 1494 quae
1143 1444 1196 1481 ab
1240 1443 1394 1494 angelis

204 1508 366 1551 sanctis,
381 1519 485 1556 quae
501 1519 525 1542 a
539 1507 630 1542 viris
644 1507 758 1543 iustis
774 1506 847 1543 sibi
863 1508 970 1544 inter
984 1505 1148 1556 angelos
1163 1507 1394 1556 apparenti-

203 1569 278 1605 bus
298 1567 409 1605 laeta
430 1567 494 1605 vel
513 1569 645 1604 tristia
666 1570 914 1618 cognoverit,
936 1566 1049 1618 legat
1070 1570 1215 1617 ipsum,
1238 1567 1289 1605 de
1312 1580 1392 1618 quo

205 1630 300 1675 dixi,
322 1629 502 1667 libellum
525 1631 633 1667 vitae
658 1631 756 1675 eius,
781 1635 823 1667 et
845 1628 1020 1667 multum
1043 1643 1094 1668 ex
1115 1628 1198 1675 illo,
1221 1634 1268 1667 ut
1289 1642 1392 1674 reor,

204 1691 408 1743 profectus
431 1691 619 1741 spiritalis
643 1693 825 1741 accipiet.

255 1754 304 1791 In
332 1754 477 1804 quibus
507 1759 645 1791 tamen
675 1767 800 1790 unum
830 1759 906 1799 est,
936 1754 1045 1804 quod
1075 1759 1118 1792 et
1146 1766 1217 1791 nos
1246 1756 1287 1791 in
1315 1752 1391 1791 hac

206 1816 384 1853 Historia
409 1828 560 1866 ponere
586 1815 723 1852 multis
751 1815 1006 1853 commodum
1034 1816 1233 1853 duximus.
1289 1814 1392 1852 Cum

206 1891 301 1929 ergo
322 1880 363 1915 in
386 1876 514 1914 altum
537 1883 645 1916 esset
668 1877 812 1922 elatus,
834 1880 962 1914 iussus
987 1882 1049 1915 est
1072 1877 1123 1914 ab
1146 1876 1300 1927 angelis
1323 1879 1392 1927 qui

205 1953 298 1977 eum
319 1939 524 1977 ducebant
544 1941 743 1989 respicere
764 1941 805 1976 in
827 1939 1036 1976 mundum.
1090 1939 1149 1976 At
1169 1938 1235 1976 ille
1258 1938 1392 1976 oculos

384 2035 395 2053 ¹
420 2034 470 2066 Cf.
487 2036 506 2066 2
523 2035 599 2067 Cor.
616 2035 675 2066 xii.
690 2035 723 2067 2.
927 2034 941 2053 ¹
963 2034 1020 2066 ΡΒ.
1034 2033 1167 2066 lxxxiv.
1184 2035 1215 2067 7.

204 2089 274 2131 418
