1473 2322
412 115 523 152 THE
559 115 889 154 VENERABLE
925 115 1073 154 BEDE

150 221 211 256 ita
222 220 362 270 gestis,
374 220 584 256 innumera
596 217 803 256 hominum
817 219 960 257 eodem
973 220 1038 258 die
1053 220 1104 257 ad
1117 220 1336 258 Dominum

151 297 271 334 turba
289 309 479 333 conversa
498 301 572 333 est.

624 389 740 427 CAP.
777 390 877 427 XIX

157 475 206 512 Ut
231 474 326 512 idem
353 488 468 512 causa
495 474 721 525 infirmitatis
747 475 878 513 ibidem
905 475 1081 522 detentus,
1109 482 1142 514 et
1168 476 1337 514 incendia

251 528 438 565 domorum
465 529 604 566 orando
629 529 837 566 restinxerit
851 545 869 572 ,·
910 535 943 567 et
968 529 1048 581 ipse
1069 543 1138 581 per
1163 530 1336 568 visionem

252 595 276 618 a
293 594 360 619 suo
377 581 425 619 sit
443 581 619 632 languore
636 588 796 620 curatus.

203 670 322 708 Um
347 671 443 708 dum
466 671 654 715 redeunt,
676 671 885 709 insidiator
906 674 1088 723 inimicus
1113 672 1336 710 casualibus

150 751 303 802 laqueis
324 754 589 801 praeparatis,
610 751 802 790 Germani
817 753 964 802 pedem
979 752 1113 803 lapsus
1129 755 1336 791 occasione

149 834 350 877 contrivit,
370 834 557 883 ignorans
576 835 723 871 merita
741 833 858 878 illius,
879 835 982 871 sicut
1000 834 1026 872 J
1030 835 1081 871 ob
1100 835 1336 879 beatissimi,

148 913 361 951 afflictione
388 916 560 964 corporis
586 915 870 964 propaganda:
911 920 955 953 et
981 915 1076 952 dum
1104 914 1336 966 aliquandiu

150 1008 228 1031 uno
265 996 307 1031 in
346 994 430 1032 loco
468 995 712 1032 infirmitatis
751 998 994 1034 necessitate
1033 1001 1256 1041 teneretur,
1294 999 1336 1034 in

149 1077 278 1112 vicina
299 1088 379 1125 qua
398 1076 592 1113 manebat
613 1075 748 1113 casula
769 1078 919 1114 exarsit
939 1077 1192 1114 incendium:
1228 1077 1336 1128 quod

149 1158 394 1205 consumptis
435 1156 618 1193 domibus
660 1169 764 1206 quae
792 1155 871 1194 illic
910 1157 1077 1207 palustri
1110 1156 1334 1196 harundine

149 1237 409 1288 tegebantur,
424 1237 475 1274 ad
488 1250 581 1274 eum
594 1236 870 1274 habitaculum
882 1239 923 1274 in
937 1250 1016 1288 quo
1033 1238 1142 1276 idem
1162 1238 1335 1283 iacebat,

148 1316 280 1353 flabris
307 1316 606 1354 stimulantibus
633 1316 851 1355 ferebatur.
907 1317 1130 1356 Concursus
1156 1321 1335 1356 omnium

149 1397 199 1434 ad
215 1399 440 1434 antistitem
455 1397 693 1442 convolavit,
708 1403 755 1435 ut
770 1397 899 1436 elatus
913 1399 1098 1436 manibus
1113 1399 1334 1449 periculum

148 1477 256 1528 quod
273 1478 511 1515 imminebat
529 1478 743 1516 evaderet:
776 1479 919 1529 quibus
937 1481 1167 1530 increpatis,
1184 1482 1334 1518 moveri

147 1571 190 1596 se
203 1557 296 1596 fidei
315 1560 643 1608 praesumptione
659 1572 739 1596 non
753 1572 892 1609 passus
910 1565 983 1597 est.
1038 1560 1096 1597 At
1114 1560 1332 1598 multitudo

147 1640 274 1675 omnis
289 1638 570 1688 desperatione
584 1641 814 1689 perterrita,
827 1640 986 1677 obviam
999 1642 1121 1678 currit
1134 1641 1330 1679 incendio.

146 1718 227 1757 Sed
246 1724 293 1756 ut
314 1719 391 1757 Dei
412 1722 598 1769 potentia
616 1718 866 1758 manifestior
887 1727 1115 1771 appareret,
1137 1721 1331 1772 quidquid

146 1800 347 1838 custodire
375 1805 606 1838 tentaverat
632 1801 766 1845 turba,
793 1803 1061 1845 consumitur3
1103 1801 1211 1852 quod
1237 1815 1331 1840 vero

146 1883 280 1918 iacens
325 1884 368 1918 et
411 1879 590 1918 infirmus
635 1879 889 1925 defenderat,
933 1886 1112 1919 reserato
1156 1881 1330 1932 hospitio

147 1962 274 1998 sancti
316 1962 402 2006 viri,
445 1973 713 2010 expavescens
756 1960 916 1998 flamma
957 1961 1183 2006 transilivit,
1225 1961 1331 2000 ultra
