1473 2322
424 130 535 167 THE
572 127 903 166 VENERABLE
938 127 1086 166 BEDE

163 234 284 272 rediit
295 235 337 270 in
350 246 449 284 opus
463 233 588 277 verbi,
601 234 867 282 pervenitque
879 230 1133 268 Brittaniam.
1187 230 1287 268 Erat
1300 243 1348 268 eo

163 298 347 342 tempore
367 305 439 330 rex
460 291 696 329 Aedilberct
715 293 757 327 in
778 290 923 327 Cantia
943 291 1259 339 potentissimus,
1280 290 1349 340 qui

165 352 216 389 ad
244 351 459 389 confinium
488 363 615 400 usque
645 349 854 386 Humbrae
882 348 1056 386 fluminis
1084 350 1249 385 maximi
1270 361 1349 398 quo

163 410 374 448 meridiani
403 415 446 448 et
474 408 810 459 septentrionales
839 407 1063 458 Anglorum
1092 406 1229 457 populi
1259 406 1350 444 diri-

164 475 342 513 muntur,
380 469 478 506 fines
516 470 673 518 imperii
709 467 956 506 tetenderat.
1011 467 1086 504 Est
1123 471 1262 504 autem
1299 465 1352 503 ad

165 528 403 567 orientalem
412 528 581 566 Cantiae
588 528 751 579 plagam
763 527 939 564 Tanatos
946 526 1076 564 insula
1087 539 1168 563 non
1180 526 1351 570 modica,

165 590 207 627 id
236 595 312 634 est,
340 589 629 640 magnitudinis
658 590 774 625 iuxta
802 587 1136 625 consuetudinem
1165 588 1352 623 aestima-

165 651 285 687 tionis
314 649 552 700 Anglorum,
582 647 823 685 familiarum
851 653 1148 691 sexcentarum,
1178 659 1300 696 quam
1328 658 1353 683 a

167 710 390 746 continenti
418 714 527 746 terra
554 709 728 745 secernit
755 705 897 743 fluvius
925 705 1166 750 Vantsumu,
1193 707 1261 755 qui
1290 709 1353 743 est

166 768 389 806 latitudinis
435 770 592 805 circiter
647 769 771 805 trium
828 766 1061 809 stadiorum,
1109 769 1152 803 et
1197 764 1352 802 duobus

167 834 328 866 tantum
356 830 398 865 in
425 827 519 865 locis
549 832 612 865 est
638 825 956 864 transmeabilis:
999 830 1217 875 utrumque
1246 827 1353 862 enim

168 893 290 938 caput
326 887 535 937 protendit
571 889 613 923 in
649 899 773 924 mare.
829 884 877 922 In
914 884 989 921 hac
1027 897 1123 934 ergo
1161 883 1354 933 adplicuit

169 959 304 985 servus
342 946 506 983 Domini
541 945 808 996 Augustinus,
845 949 888 982 et
923 945 1017 980 socii
1054 945 1152 987 eius,
1188 945 1273 987 viri,
1308 947 1355 979 ut

169 1005 318 1050 ferunt,
331 1004 458 1043 ferme
475 1004 755 1055 quadraginta.
804 1003 1061 1052 Aceeperunt
1077 1006 1229 1046 autem,
1241 1013 1355 1051 prae-

170 1067 344 1115 cipiente
367 1065 489 1102 beato
515 1077 622 1114 papa
649 1063 857 1113 Gregorio,
881 1062 931 1099 de
958 1066 1083 1112 gente
1110 1061 1354 1097 Francorum

169 1127 426 1174 interpretes,
443 1129 486 1161 et
501 1126 668 1160 mittens
686 1122 738 1159 ad
753 1121 1073 1165 Aedilberctum‚
1088 1120 1297 1157 mandavit
1311 1132 1354 1158 se

170 1189 325 1224 venisse
345 1186 394 1223 de
413 1185 554 1229 Roma,
573 1198 619 1221 ac
636 1186 822 1221 nuntium
841 1182 945 1221 ferre
964 1185 1176 1232 optimum,
1194 1184 1263 1232 qui
1281 1182 1354 1219 sibi

171 1248 559 1298 obtemperantibus,
575 1251 742 1283 aeterna
756 1248 796 1281 in
812 1244 930 1282 caelis
946 1244 1108 1295 gaudia,
1126 1249 1168 1282 et
1182 1257 1353 1295 regnum

171 1310 255 1345 sine
285 1307 362 1344 fine
392 1319 482 1343 cum
512 1305 601 1342 Deo
630 1307 717 1341 vivo
747 1310 789 1341 et
817 1317 910 1341 vero
939 1302 1134 1347 futurum,
1162 1305 1247 1341 sine
1276 1302 1353 1339 ulla

172 1367 382 1404 dubietate
415 1367 685 1415 promitteret.
743 1363 822 1410 Qui
855 1362 954 1400 haee
984 1363 1163 1406 audiens,
1191 1375 1354 1400 manere

170 1425 254 1462 illos
287 1427 327 1461 in
361 1438 409 1462 ea
442 1437 562 1474 quam
593 1423 777 1460 adierant
804 1421 946 1466 insula,
977 1427 1019 1459 et
1048 1423 1104 1459 eis
1133 1423 1355 1459 necessaria

173 1489 401 1530 ministrari,
432 1486 560 1523 donec
597 1485 753 1522 videret
791 1483 887 1534 quid
926 1485 982 1521 eis
1021 1481 1189 1527 faceret,
1227 1483 1353 1519 iussit.

173 1546 277 1583 Nam
293 1552 335 1584 et
351 1551 471 1583 antea
486 1544 595 1582 fama
610 1544 661 1582 ad
677 1557 769 1582 eum
786 1542 1036 1580 Christianae
1051 1541 1252 1592 religionis
1268 1554 1356 1591 per-

174 1611 353 1650 venerat,
375 1610 519 1655 utpote
542 1606 610 1655 qui
634 1609 676 1642 et
698 1616 865 1640 uxorem
887 1601 1066 1639 habebat
1089 1599 1356 1637 Christianam

173 1664 224 1702 de
248 1670 372 1715 gente
398 1664 640 1700 Francorum
663 1664 788 1712 regia,
813 1659 1005 1698 vocabulo
1029 1659 1196 1701 Bercta;
1235 1671 1356 1709 quam

175 1737 223 1761 ea
245 1725 473 1762 conditione
497 1736 520 1760 a
542 1722 777 1772 parentibus
801 1725 1025 1770 acceperat,
1049 1724 1096 1756 ut
1118 1721 1240 1756 ritum
1263 1717 1356 1756 fidei

176 1797 220 1821 ac
239 1785 440 1835 religionis
460 1795 556 1820 suae
580 1795 671 1819 eum
702 1783 888 1830 episcopo
917 1792 1038 1830 quem
1067 1781 1103 1816 ei
1131 1778 1356 1815 adiutorem

226 1883 238 1901 1
261 1881 308 1912 As
330 1879 432 1911 much
452 1878 532 1910 land
553 1888 590 1908 as
611 1876 722 1908 would
751 1879 895 1917 support
914 1885 936 1906 a
953 1875 1086 1915 family,
1104 1873 1164 1905 the
1183 1877 1304 1905 extent
1322 1873 1358 1905 of

182 1924 288 1955 which
305 1922 422 1953 varied
436 1923 472 1953 in
489 1920 647 1952 different
664 1922 770 1960 parts.

225 1969 237 1986 2
261 1965 395 1997 Branch
414 1965 449 1996 of
464 1964 524 1995 the
540 1963 653 1995 Stour.

224 2010 238 2029 ³
262 2008 438 2049 Daughter
454 2007 489 2038 of
504 2005 682 2038 Charibert
698 2004 780 2045 king
796 2003 831 2035 of
846 2003 954 2034 Pan‘s.

185 2061 251 2096 108
