1473 2322
423 179 534 216 THE
570 178 901 216 VENERABLE
936 178 1084 216 BEDE

159 287 202 319 et
227 280 373 317 Paulus
398 283 549 325 vixere,
575 280 763 326 docuere,
787 283 893 330 passi
918 286 1013 317 sunt
1039 286 1082 318 et
1107 280 1270 330 sepulti,
1296 281 1347 318 ab

158 336 342 372 omnibus
362 334 579 371 celebrari:
615 334 689 371 hoc
711 337 751 370 in
774 334 906 378 ltalia,
923 334 997 371 hoc
1018 337 1058 371 in
1081 334 1226 379 Gallia,
1247 347 1346 384 quas

158 388 338 426 discendi
370 388 433 426 vel
465 388 603 425 orandi
637 389 771 425 studio
803 391 1149 438 pertransivimuS,
1181 389 1232 425 ab
1265 401 1348 425 om-

158 443 275 479 nibus
328 444 394 491 agi
446 444 752 491 conspeximus:
820 441 894 479 hoc
947 442 1141 486 Africam,
1194 443 1348 487 Asiam,

157 497 410 546 Aegyptum,
430 495 656 540 Graeciam,
677 502 719 533 et
739 508 899 532 omnem
920 496 1073 540 orbem,
1093 509 1347 546 quacumque

159 549 306 586 Christi
332 548 511 587 Ecclesia
535 549 677 586 diffusa
702 555 778 593 est,
802 563 874 599 per
897 549 1072 587 diversas
1097 552 1280 587 nationes
1305 555 1348 587 et

157 603 329 653 linguas,
356 616 435 640 uno
462 616 507 640 ac
533 616 613 640 non
639 603 796 640 diverso
822 606 1015 652 temporis
1041 603 1179 640 ordine
1206 616 1347 653 gerere

158 659 447 707 comperimus:
492 663 655 706 praeter
685 656 756 693 hos
787 662 963 701 tantum,
995 662 1037 694 et
1067 658 1348 694 obstinationis

159 724 296 749 eorum
310 710 538 760 complices,
553 710 684 747 Pictos
698 711 786 747 dico
801 716 842 748 et
856 710 1085 755 Brettones,
1098 724 1189 747 cum
1204 711 1348 761 quibus

158 765 209 802 de
240 765 396 802 duabus
429 764 577 801 ultimis
608 767 746 801 oceani
779 764 929 808 insulis,
960 770 1003 801 et
1034 763 1093 801 his
1125 778 1203 801 non
1235 767 1348 809 totis,

158 824 298 856 contra
330 824 463 855 totum
495 819 634 855 orbem
667 818 792 854 stulto
823 818 960 855 labore
993 816 1219 867 pugnant.'’
1274 818 1348 855 Cui

158 872 258 910 haec
290 872 440 909 dicenti
472 872 680 921 respondit
712 871 949 908 Colmanus:
996 871 1018 884 ‘⁴
1041 875 1192 910 Mirum
1224 885 1348 921 quare

158 925 328 963 stultum
361 925 565 975 appellare
597 925 728 962 velitis
759 925 937 962 laborem
970 931 1165 970 nostrum,
1198 928 1237 961 in
1269 938 1348 975 quo

158 982 262 1017 tanti
295 979 465 1029 apostoli
496 981 564 1029 qui
595 983 716 1028 super
746 985 887 1028 pectus
919 979 1081 1016 Domini
1114 979 1349 1017 recumbere

158 1034 303 1084 dignus
329 1033 420 1077 fuit,
446 1032 633 1082 exempla
657 1039 882 1076 sectamur3
920 1046 1011 1069 cum
1037 1036 1167 1083 ipsum
1192 1036 1350 1082 sapien-

158 1090 311 1125 tissime
327 1090 471 1124 vixisse
487 1090 615 1124 omnis
631 1088 804 1124 mundus
820 1086 1018 1124 noverit.''
1071 1087 1129 1124 At
1146 1086 1349 1132 Vilfridus,

158 1141 181 1154 “
200 1140 362 1186 Absit,’'
386 1143 532 1191 inquit,
554 1141 577 1154 “
597 1146 643 1178 ut
668 1140 889 1178 Iohannem
912 1140 1110 1179 stultitiae
1134 1140 1350 1190 reprehen-

159 1196 315 1240 damus,
340 1208 432 1232 cum
458 1197 559 1232 scita
583 1194 684 1245 legis
714 1195 917 1232 Mosaicae
944 1197 1059 1231 iuxta
1085 1194 1243 1232 literam
1269 1208 1350 1233 ser-

159 1255 287 1294 varet,
304 1249 534 1286 iudaizante
553 1248 683 1286 adhuc
701 1251 740 1285 in
759 1248 895 1285 multis
915 1248 1106 1293 Ecclesia,
1125 1262 1198 1287 nec
1215 1249 1349 1286 subito

159 1303 386 1341 valentibus
401 1302 591 1352 apostolis
606 1316 767 1340 omnem
781 1302 881 1353 legis
896 1303 1192 1340 observantiam
1208 1316 1312 1353 quae
1327 1316 1350 1340 a

160 1358 249 1395 Deo
263 1359 452 1394 instituta
466 1362 542 1400 est,
556 1356 773 1401 abdicare,1
789 1357 1006 1407 (quomodo
1020 1356 1230 1394 simulacra
1245 1370 1349 1407 quae

160 1425 183 1447 a
205 1411 468 1448 daemonibus
491 1413 657 1448 inventa
679 1415 788 1455 sunt,
810 1411 1022 1459 repudiare
1046 1424 1184 1448 omnes
1207 1413 1275 1460 qui
1299 1411 1350 1448 ad

160 1465 280 1502 fidem
308 1466 489 1509 veniunt,
516 1477 679 1502 necesse
707 1465 800 1514 est),
827 1464 1014 1502 videlicet
1040 1478 1091 1502 ne
1117 1463 1350 1502 scandalum

159 1519 342 1556 facerent
372 1521 428 1556 eis
459 1521 527 1567 qui
558 1521 664 1555 inter
693 1524 838 1567 gentes
870 1524 986 1555 erant
1018 1517 1190 1555 Iudaeis.
1245 1518 1350 1555 Hinc

160 1578 222 1610 est
246 1575 351 1610 enim
376 1572 484 1622 quod
508 1571 654 1609 Paulus
676 1571 934 1609 Timotheum
957 1572 1219 1616 circumcidit,
1242 1572 1350 1622 quod

159 1626 309 1663 hostias
341 1629 381 1662 in
412 1625 567 1675 templo
599 1625 834 1670 immolavit,
867 1626 975 1675 quod
1005 1639 1096 1662 cum
1128 1625 1276 1675 Aquila
1308 1632 1350 1664 et

160 1679 336 1717 Priscilla
361 1685 485 1729 caput
511 1679 691 1716 Corinthi
718 1680 919 1716 totondit:
962 1679 1013 1716 ad
1039 1679 1135 1716 nihil
1163 1679 1350 1717 videlicet

160 1733 273 1779 utile,
291 1736 365 1771 nisi
384 1734 437 1772 ad
453 1733 687 1771 scandalum
705 1734 915 1771 vitandum
935 1732 1189 1771 Iudaeorum.
1245 1733 1349 1770 Hinc

598 1851 609 1869 ²
633 1850 736 1891 Stops
753 1860 790 1881 as
805 1850 841 1881 in
858 1849 909 1881 Pl.

378 2002 391 2022 ¹
415 2001 499 2032 Acte
516 2001 586 2031 xvi.
605 2001 635 2031 3.
861 1999 873 2018 ²
896 2000 981 2032 Acts
998 2001 1068 2031 xxi.
1086 2001 1128 2031 26

598 2044 610 2062 ³
633 2042 718 2075 Acts
734 2043 831 2074 xviii.
851 2044 901 2075 IS.

160 2115 228 2160 466
