1473 2322
219 125 531 163 CUTHBERTI
569 125 837 163 EPISTOLA
875 127 953 164 AD
993 127 1295 166 CUTHINUM

167 240 271 277 quae
286 227 558 265 inchoaverat:
581 233 623 265 et
638 241 710 264 nos
725 227 826 266 haec
842 229 1054 266 audientes
1069 229 1243 267 luximus
1258 244 1349 267 cum

165 280 244 317 illo.
297 281 441 318 Altera
476 284 561 318 vice
594 281 781 330 legimus,
816 281 944 319 altera
980 282 1234 331 ploravimus,
1269 286 1349 321 imo

165 347 326 383 semper
361 347 453 370 cum
490 334 590 371 fletu
621 334 806 383 legimus.
862 335 909 371 In
942 335 1013 372 tali
1046 335 1204 372 laetitia
1236 339 1350 386 quin-

165 387 460 437 quagesimales
480 388 565 424 dies
592 401 718 436 usque
745 388 796 424 ad
815 388 922 424 diem
947 388 1176 437 praefatum
1196 389 1350 427 dedux-

164 443 281 484 imus,
325 446 368 478 et
409 440 476 477 ille
518 440 692 477 multum
735 441 943 489 gaudebat
984 440 1156 491 Deoque
1198 445 1349 492 gratias

166 494 316 542 agebat
367 496 460 543 quia
511 495 566 529 sic
611 496 825 531 meruisset
870 494 1074 531 infirmari.
1128 495 1183 531 Et
1226 508 1349 545 saepe

164 547 349 583 dicebat:
411 546 418 558 ‘
440 545 638 594 Flagellat
686 546 799 583 Deus
846 561 1008 585 omnem
1055 547 1180 584 filium
1227 562 1349 599 quem

164 599 335 649 recipit‚’
373 605 416 637 et
452 599 582 636 multa
618 599 696 636 alia
732 600 783 637 de
820 599 969 637 Sanc-ta
1005 600 1224 650 Scriptura,
1260 616 1349 639 sen-

164 656 338 690 tentiam
372 666 533 702 quoque
566 653 791 690 Ambrosii:
839 653 846 665 ‘
867 653 957 690 Non
990 656 1045 690 sic
1078 657 1172 699 vixi,
1205 660 1251 691 ut
1282 669 1348 693 me

165 706 319 755 pudeat
344 708 451 743 inter
476 719 544 742 vos
570 709 726 749 vivere3
766 706 839 744 sed
864 720 938 744 nec
963 709 1063 743 mori
1089 710 1229 753 timeo,
1255 711 1348 758 quia

164 760 315 796 bonum
333 758 469 796 Deum
487 758 712 796 habemus)

216 812 306 849 “In
344 815 430 849 istis
470 818 608 850 autem
647 813 790 850 diebus
829 813 908 850 duo
947 813 1138 862 opuscula
1175 813 1348 851 multum

163 868 357 903 memoria
379 866 516 915 digna,
538 869 719 915 exceptis
738 865 979 903 lectionibus
1001 879 1100 916 quas
1123 870 1348 916 accepimus

164 920 215 956 ab
243 933 290 956 eo
318 924 361 956 et
386 924 509 956 cantu
536 918 798 963 Psalmorum,
824 919 958 957 facere
984 920 1192 963 studebat,
1219 920 1348 957 Evan-

163 972 313 1022 gelium
340 972 493 1009 scilicet
518 971 655 1009 Sancti
682 971 871 1009 Iohannis
897 975 938 1008 in
964 978 1143 1010 nostram
1168 973 1347 1023 linguam

164 1026 215 1063 ad
238 1025 460 1062 utilitatem
484 1025 676 1062 ecclesiae
699 1028 914 1070 convertit,
934 1031 977 1063 et
999 1026 1050 1063 de
1072 1025 1182 1063 libris
1207 1027 1346 1063 Isidori

164 1081 339 1128 episcopi
394 1081 674 1127 excerptiones
728 1079 938 1128 quasdam,
991 1079 1150 1116 dicens:
1219 1079 1226 1091 ‘
1248 1079 1348 1116 Nolo

163 1138 209 1169 ut
224 1135 338 1181 pueri
353 1135 432 1169 mei
446 1132 701 1169 mendacium
714 1131 870 1181 legant,
885 1138 928 1169 et
942 1134 981 1168 in
997 1131 1071 1169 hoc
1087 1137 1178 1181 post
1192 1133 1346 1170 obitum

163 1199 298 1222 meum
329 1187 413 1222 sine
443 1185 577 1222 fructu
606 1184 819 1222 laborent.'
873 1185 973 1221 Cum
1003 1188 1180 1223 venisset
1209 1192 1347 1223 autem

162 1241 286 1276 tertia
313 1238 415 1275 feria
443 1244 539 1276 ante
567 1239 857 1275 Ascensionem
880 1238 1044 1275 Domini
1071 1241 1205 1288 coepit
1227 1238 1347 1276 vehe-

162 1294 338 1329 mentius
361 1297 574 1340 aegrotare
597 1294 638 1327 in
662 1291 858 1336 anhelitu,
881 1297 924 1329 et
946 1292 1125 1328 modicus
1148 1297 1282 1329 tumor
1306 1295 1347 1328 in

162 1345 333 1395 pedibus
347 1347 547 1394 apparuit.
599 1345 747 1381 Totum
761 1350 900 1382 tamen
913 1343 1025 1381 illum
1039 1345 1147 1382 diem
1161 1345 1348 1390 docebat,

163 1404 205 1435 et
224 1397 404 1435 hilariter
421 1398 617 1442 dictabat,
636 1403 678 1435 et
697 1411 985 1448 nonnunquam
1002 1400 1110 1435 inter
1127 1397 1204 1434 alia
1222 1399 1347 1435 dixit:

163 1451 346 1488 ‘Discite
385 1465 476 1488 cum
514 1451 799 1495 festinatione3
852 1454 946 1500 quia
983 1453 1116 1488 nescio
1155 1451 1347 1501 quamdiu

162 1505 392 1548 subsistam,
406 1510 448 1541 et
463 1507 495 1541 si
510 1510 602 1554 post
617 1505 819 1541 modicum
831 1504 950 1541 tollet
964 1518 1030 1541 me
1047 1504 1191 1541 Factor
1204 1503 1347 1542 meus.’

164 1557 287 1594 Nobis
325 1563 464 1595 autem
500 1558 714 1594 videbatur
751 1557 859 1607 quod
895 1571 1011 1594 suum
1049 1560 1204 1595 exitum
1241 1558 1344 1595 bene

163 1613 297 1655 sciret,
326 1616 369 1648 et
397 1613 452 1647 sic
481 1616 643 1648 noctem
671 1613 712 1647 in
740 1613 962 1661 gratiarum
992 1613 1150 1648 actione
1178 1610 1346 1660 pervigil

162 1664 292 1701 duxit.

213 1717 235 1729 “
247 1717 301 1753 Et
313 1730 432 1754 mane
444 1716 718 1761 illucescente,
730 1717 771 1754 id
784 1722 846 1754 est
859 1722 1004 1766 quarta
1015 1716 1129 1761 feria,
1140 1719 1348 1766 praecepit

163 1769 379 1815 diligenter
407 1771 522 1805 scribi
553 1783 656 1819 quae
686 1782 969 1818 coepernmus3
1008 1775 1050 1806 et
1077 1769 1152 1806 hoc
1179 1769 1346 1805 fecimus

430 1918 442 1936 1
466 1917 625 1948 Between
643 1918 766 1948 Easter
782 1918 851 1948 and
867 1917 1061 1949 Pentecost.

427 1962 439 1980 ²
464 1960 569 1991 Hebr.
587 1961 646 1991 xii.
662 1961 692 1991 6.

427 2004 439 2022 ³
463 2003 636 2039 Paulinus,
660 2002 733 2033 Vita
750 2002 929 2038 Ambrosii,
946 2012 974 2033 c.
992 2004 1044 2038 45,
1062 2001 1113 2032 Pl.

164 2076 245 2099 XXX
