1473 2322
417 119 529 157 THE
566 119 896 157 VENERABLE
933 118 1080 156 BEDE

152 227 252 262 mari
275 224 328 262 ad
345 237 457 262 mare
477 228 588 261 recto
608 224 774 261 tramite
796 225 903 260 inter
927 223 1045 260 urbes
1070 233 1174 272 quae
1189 221 1339 260 ibidem

153 295 204 332 ob
232 298 389 331 metum
417 292 594 330 hostium
626 291 760 330 factae
792 290 969 336 fuerant,
998 292 1066 328 ubi
1100 296 1144 329 et
1171 290 1340 329 Severus

153 363 357 414 quondam
373 362 520 399 vallum
534 360 703 406 fecerat,
718 361 831 398 firmo
846 361 898 399 de
912 360 1047 411 lapide
1061 360 1341 397 conlocarunt:

154 446 276 484 quem
313 431 503 470 videlicet
538 445 699 468 murum
736 430 932 468 hactenus
975 429 1174 467 famosum
1217 436 1341 480 atque

154 504 427 552 conspicuum,
463 506 629 551 sumptu
665 500 825 551 publico
861 502 1114 550 privatoque,
1152 499 1343 537 adiuncta

155 586 292 610 secum
318 571 593 608 Brittanorum
619 583 743 608 manu
769 570 1074 614 construebant,
1101 574 1192 607 octo
1218 568 1343 619 pedes

156 642 285 679 latum
300 646 344 679 et
357 640 570 679 duodecim
585 639 727 684 altum,
742 645 854 678 recta
869 640 919 677 ab
934 641 1090 681 oriente
1105 641 1146 676 in
1161 651 1343 676 occasum

155 711 276 756 linea,
303 716 350 748 ut
377 723 505 760 usque
531 709 652 747 hodie
678 710 932 747 intuentibus
959 708 1110 746 clarum
1138 713 1223 746 cst:
1264 720 1344 758 quo

156 794 249 818 mox
263 780 425 818 condito
439 780 539 818 dant
549 779 669 816 fortia
681 781 794 830 segni
806 778 955 830 populo
969 781 1138 823 monita,
1147 778 1346 828 praebent

156 850 497 888 instituendorum
540 849 788 899 exemplaria
829 862 1042 886 armorum.
1097 847 1178 886 Sed
1221 852 1265 886 et
1303 849 1346 884 in

157 921 275 958 litore
304 922 444 958 oceani
473 919 525 957 ad
553 919 765 957 meridiem
795 931 875 969 quo
903 931 1026 956 naves
1056 931 1195 956 eorum
1223 916 1346 955 habe-

157 991 319 1035 bantur,
341 991 435 1040 quia
456 994 498 1027 et
518 988 612 1026 inde
633 989 894 1026 barbarorum
914 990 1091 1038 inruptio
1111 987 1346 1031 timebatur,

158 1066 289 1097 turres
312 1072 385 1110 per
407 1058 618 1096 intervalla
641 1058 693 1096 ad
714 1063 973 1108 prospectum
994 1059 1115 1095 maris
1137 1056 1346 1101 collocant,

159 1135 202 1167 et
237 1128 468 1167 valedicunt
502 1130 615 1165 sociis
650 1133 847 1178 tanquam
882 1127 989 1164 ultra
1021 1140 1103 1165 non
1136 1128 1344 1165 reversuri.

159 1199 315 1246 Quibus
340 1198 392 1236 ad
415 1211 488 1235 sua
510 1198 800 1242 remeantibus,
825 1199 988 1248 cognita
1011 1196 1139 1234 Scotti
1164 1195 1345 1247 Pictiquc

157 1269 313 1307 reditus
358 1268 645 1319 denegatione,
690 1267 866 1305 redeunt
911 1265 1123 1304 confestim
1170 1268 1259 1316 ipsi,
1305 1271 1348 1303 et

159 1338 277 1376 solito
331 1337 640 1375 confidentiores
696 1336 808 1382 facti,
863 1350 1024 1375 omnem
1079 1335 1345 1387 aquilonalem

161 1414 469 1457 extremamque
514 1406 668 1444 insulae
720 1412 881 1457 partem
932 1420 1004 1456 pro
1050 1406 1249 1456 indigenis
1297 1405 1347 1442 ad

161 1492 320 1516 murum
336 1491 464 1528 usque
486 1482 714 1527 capessunt.
769 1476 971 1514 Statuitur
994 1475 1045 1513 ad
1060 1475 1160 1513 haec
1181 1477 1222 1512 in
1239 1475 1347 1513 edito

161 1550 261 1585 arcis
293 1549 398 1585 acies
431 1549 579 1598 segnis,
612 1547 680 1584 ubi
712 1548 906 1584 trementi
938 1546 1057 1583 corde
1090 1545 1253 1595 stupida
1283 1543 1348 1582 die

161 1623 366 1667 noctuque
382 1617 602 1654 marcebat.
656 1617 714 1653 At
730 1621 870 1653 contra
886 1629 966 1652 non
983 1620 1144 1653 cessant
1160 1616 1350 1651 uncinata

162 1687 339 1725 hostium
370 1685 477 1724 tela:
523 1687 657 1737 ignavi
690 1690 1011 1736 propugnatores
1044 1686 1265 1722 miserrime
1298 1683 1347 1721 de

162 1758 285 1794 muris
305 1757 425 1793 tracti
445 1754 529 1792 solo
548 1754 844 1793 adlidebantur.
898 1754 1006 1801 Quid
1025 1753 1167 1804 plura?
1201 1753 1349 1791 relictis

163 1826 393 1863 civitatibus
413 1838 458 1862 ac
475 1838 605 1869 muro,
622 1823 799 1875 fugiunt,
817 1824 1116 1874 disperguntur.
1170 1822 1351 1872 Insequi-

164 1900 231 1932 tur
267 1894 408 1938 hostis‚
436 1894 717 1932 adcelerantur
743 1898 898 1943 strages
927 1894 1080 1930 eunctis
1109 1891 1349 1929 crudeliores

164 1965 372 2014 prioribus.
428 1962 540 2000 Sicut
564 1965 672 2001 enim
699 1965 792 2013 agni
820 1975 843 1999 a
869 1960 978 2007 feris,
1002 1963 1059 1999 ita
1086 1963 1220 1999 miseri
1245 1963 1350 1998 cives

170 2049 217 2085 60
