1473 2322
407 142 518 179 THE
555 141 885 179 VENERABLE
920 143 1067 181 BEDE

144 244 362 281 lentissime
389 243 458 288 fili,
485 257 606 294 quam
632 243 721 282 luce
747 244 890 283 clarius
917 251 993 290 est,
1020 260 1100 284 non
1125 248 1252 285 solum
1279 249 1330 286 de

145 297 267 342 vobis,
292 297 365 335 sed
390 300 514 334 etiam
539 298 590 336 de
616 298 800 335 omnibus
820 298 1108 349 prophetatum
1127 302 1330 352 gentibus,

143 350 250 400 quod
279 353 360 388 sint
388 351 616 389 crediturae
645 353 687 388 in
716 351 874 390 Christo
904 356 1081 391 omnium
1111 355 1328 393 conditore.

143 404 416 451 Quamobrem
450 410 613 455 oportet
647 411 822 442 vestram
857 406 1151 452 celsitudinem,
1186 414 1330 458 utpote

142 458 369 495 membrum
388 461 564 496 existens
583 457 744 504 Christi,
763 462 803 496 in
821 461 1005 497 omnibus
1023 463 1132 510 piam
1149 462 1328 512 regulam

142 514 255 561 sequi
274 515 507 561 perenniter
521 514 709 562 principis
727 513 1011 562 apostolorum,
1028 516 1110 551 sive
1126 517 1167 551 in
1184 515 1331 565 pascha

142 564 442 609 celebrandum,
458 569 541 603 sive
557 568 597 602 in
614 567 797 603 omnibus
813 579 918 617 quae
934 573 972 604 ti
974 568 1188 606 ad1derunt
1203 572 1329 606 sancti

143 618 312 668 apostoli
332 619 476 657 Petrus
497 625 539 657 et
559 619 720 664 Paulus,
740 622 807 670 qui
834 626 880 657 ut
899 621 978 658 duo
998 621 1208 659 luminaria
1231 622 1329 659 caeli

142 672 370 710 illuminant
421 673 630 717 mundum,
682 676 738 710 sic
788 674 971 711 doctrina
1023 688 1159 712 eorum
1212 676 1330 714 corda

142 725 349 763 hominum
370 727 551 777 quotidie
570 727 759 764 inlustrat
779 727 1072 766 credentium.'’

194 780 248 818 Et
269 786 362 830 post
382 781 586 825 nonnulla,
609 782 753 831 quibus
776 781 826 818 de
849 781 1090 819 celebrando
1105 795 1178 832 per
1191 783 1329 820 orbem

143 839 275 871 totum
296 846 375 871 uno
394 847 488 872 vero
506 833 655 884 pascha
674 834 872 884 loquitur3

192 893 217 910 “
236 887 454 925 Hominem
486 888 703 938 denique‚'’
736 890 881 938 inquit,
913 894 937 910 ‘⁶
956 889 1182 934 docibilem,
1216 895 1259 927 et
1290 893 1330 926 in

143 941 327 978 omnibus
360 946 547 978 ornatum
582 943 821 986 antistitem,
854 942 1074 980 secundum
1108 948 1331 980 vestrorum

142 997 380 1044 scriptorum
402 1001 601 1040 tenorem,
623 998 788 1032 minime
811 995 1005 1033 valuimus
1028 1009 1132 1033 nunc
1154 1000 1330 1047 reperire

142 1061 213 1097 pro
264 1048 562 1100 longinquitate
615 1051 781 1086 itineris.
836 1048 1022 1087 Profecto
1075 1052 1182 1087 enim
1234 1050 1331 1088 dum

143 1101 369 1140 huiusmodi
413 1109 511 1152 apta
554 1109 797 1153 repertaque
841 1116 1012 1153 persona
1056 1102 1193 1149 fuerit,
1238 1117 1331 1141 eum

142 1159 383 1193 instructum
415 1157 466 1194 ad
497 1162 671 1194 vestram
703 1157 920 1207 dirigemus
951 1159 1138 1207 patriam,
1168 1163 1215 1194 ut
1245 1160 1331 1208 ipse

143 1215 186 1246 et
215 1212 304 1246 viva
334 1223 444 1256 voce,
475 1216 518 1247 et
540 1223 613 1260 per
641 1211 775 1248 divina
805 1209 964 1247 oracula
992 1223 1154 1247 omnem
1182 1213 1330 1248 inimici

142 1265 333 1300 zizaniam
370 1276 420 1300 ex
455 1266 563 1301 omni
600 1269 734 1302 vestra
769 1264 898 1301 insula
933 1277 1024 1301 cum
1059 1264 1193 1301 divino
1228 1270 1330 1302 nutu

142 1317 332 1355 eradicet.
390 1317 632 1354 Munuscula
677 1331 700 1355 a
745 1323 879 1355 vestra
924 1317 1162 1357 celsitudine
1208 1318 1330 1356 beato

141 1373 308 1421 principi
361 1371 632 1421 apostolorum
684 1371 852 1416 directa,
903 1384 975 1421 pro
1027 1378 1194 1409 aeterna
1246 1375 1330 1409 eius

140 1427 335 1462 memoria
364 1427 625 1475 suscepimus,
653 1428 886 1476 gratiasque
917 1427 953 1462 ei
983 1428 1154 1475 agimus,
1184 1438 1231 1463 ac
1259 1438 1330 1476 pro

142 1480 227 1516 eius
264 1478 542 1517 incolumitate
579 1481 728 1530 iugiter
766 1479 901 1516 Deum
938 1478 1203 1529 deprecamur
1239 1492 1330 1517 cum

141 1530 288 1569 Christi
316 1532 435 1570 clero.
490 1532 637 1583 Itaque
666 1535 735 1583 qui
763 1531 863 1570 haec
891 1533 1040 1571 obtulit
1068 1545 1250 1578 munera,
1278 1533 1329 1571 de

141 1584 216 1623 hac
242 1586 472 1623 subtractus
500 1592 563 1624 est
588 1586 692 1631 luce,
719 1588 900 1636 situsque
929 1586 981 1624 ad
1007 1586 1144 1624 limina
1172 1591 1330 1636 aposto-

140 1638 282 1684 lorum,
301 1652 373 1689 pro
393 1652 472 1690 quo
491 1639 607 1677 valde
627 1653 763 1677 sumus
782 1642 1010 1677 contristati
1029 1653 1120 1677 cum
1139 1639 1202 1677 hic
1223 1645 1330 1677 esset

140 1692 367 1731 defunctus.
422 1693 713 1731 Verumtamen
749 1693 897 1744 gerulis
925 1693 1067 1730 harum
1104 1699 1329 1731 nostrarum

140 1746 348 1784 literarum
366 1749 508 1785 vestris
526 1749 668 1792 missis,
686 1747 882 1785 beneficia
899 1753 1143 1792 sanctorum,
1160 1746 1235 1784 hoc
1254 1753 1328 1791 est,

187 1892 200 1911 ²
223 1892 305 1924 Had
323 1892 383 1924 the
403 1892 502 1933 kings
521 1892 629 1923 asked
648 1892 750 1933 thep
727 1902 816 1934 pope
835 1895 873 1923 to
893 1895 1090 1924 consecrate
1110 1892 1275 1933 Wighard
1292 1903 1330 1924 or

140 1935 246 1966 asked
263 1935 363 1976 thep
340 1945 429 1976 pope
447 1938 484 1966 to
501 1934 573 1966 find
590 1935 643 1966 for
660 1935 756 1967 them
774 1945 794 1966 a
811 1934 852 1966 fit
869 1945 993 1976 person
1009 1938 1047 1967 to
1065 1938 1272 1973 consecrato,
1291 1945 1330 1967 as

139 1977 199 2009 the
240 1988 304 2019 ope
319 1978 476 2019 implies
468 1988 503 2009 in
520 1978 573 2009 his
588 1978 716 2010 letter?

264 2021 397 2061 ighard.

139 2084 211 2129 498
