1473 2322
441 97 551 162 THE
589 123 919 162 xOENERABLE
954 124 1102 163 BEDE

178 229 360 265 eiusdem
409 230 610 278 principis,
660 228 857 266 adventus
907 241 1001 267 vero
1048 228 1273 280 Anglorum
1323 231 1364 265 in

174 286 416 323 Brittaniam
445 299 550 324 anno
579 289 736 325 circiter
764 289 986 324 centesimo
1015 289 1363 338 quinquagesimo,

175 348 285 383 misit
311 359 470 384 servum
498 346 576 385 Dei
603 347 892 398 Augustinum,
920 352 963 385 et
989 347 1085 384 alios
1111 347 1246 397 plures
1272 360 1362 384 cum

176 420 223 444 eo
242 405 458 444 monachos
477 409 670 445 timentes
691 407 926 452 Dominum,
944 408 1177 457 praedicare
1196 408 1363 445 verbum

176 465 254 502 Dei
279 468 393 515 genti
418 465 654 516 Anglorum.
709 465 789 512 Qui
813 479 905 503 cum
928 467 1043 503 iussis
1067 465 1362 516 pontificalibus

175 524 520 573 obtemperantes,
534 530 804 562 memoratum
820 537 918 574 opus
935 525 1102 576 adgredi
1122 527 1363 574 coepissent,

178 584 340 633 iamque
372 582 667 633 aliquantulum
697 586 851 621 itineris
882 583 1163 628 confecissent,
1193 583 1363 634 perculsi

175 644 319 678 timore
339 644 474 686 inerti,
493 642 624 680 redire
644 642 809 679 domum
827 645 976 692 potius,
995 656 1118 693 quam
1136 643 1364 686 barbaram,

175 699 317 744 feram,
355 700 685 750 incredulamque
725 707 911 752 gentem,
946 703 1057 738 cuius
1097 715 1149 739 ne
1186 701 1365 752 linguam

177 759 340 808 quidem
361 765 541 804 nossent,
563 760 673 797 adire
694 760 945 810 cogitabant,
967 765 1010 798 et
1030 759 1105 797 hoc
1127 772 1214 798 esse
1235 761 1364 796 tutius

176 820 377 854 communi
397 818 559 855 consilio
580 818 867 856 decernebant.
922 818 959 855 N
963 831 1008 856 ec
1026 832 1152 863 mora,
1172 819 1366 868 Augusti-

177 888 286 919 num,
312 889 433 926 quem
459 879 515 913 eis
541 879 773 926 episcopum
798 876 1065 914 ordinandum
1089 879 1121 914 si
1147 877 1198 914 ab
1223 875 1365 927 Anglis

175 936 475 984 susciperentur
518 935 785 985 disposuerat,
822 935 986 972 domum
1029 937 1260 980 remittunt,
1297 937 1363 986 qui

176 1007 199 1029 a
217 995 339 1031 beato
360 993 555 1045 Gregorio
575 994 715 1031 humili
734 995 962 1045 supplicatu
982 995 1187 1033 obtineret
1206 1009 1257 1033 ne
1277 1001 1363 1032 tam

174 1052 452 1102 periculosam,
487 1059 573 1090 tam
608 1053 861 1098 laboriosam,
896 1060 983 1091 tam
1017 1056 1214 1091 incertam
1248 1067 1363 1104 pere-

174 1114 445 1161 grinationem
479 1112 589 1150 adire
623 1112 834 1150 deberent.
889 1111 1044 1159 Quibus
1077 1112 1144 1150 ille
1178 1111 1366 1150 exhorta-

178 1172 299 1206 torias
339 1173 507 1208 mittens
547 1170 719 1215 litteras,
751 1173 793 1207 in
832 1183 932 1220 opus
973 1184 1040 1209 eos
1074 1171 1199 1216 verbi,
1233 1171 1366 1208 divino

177 1228 345 1265 confisos
367 1229 529 1274 auxilio,
549 1230 743 1279 proficisci
763 1230 921 1268 suadet.
976 1229 1157 1276 Quarum
1179 1229 1365 1267 videlieet

176 1288 404 1326 litterarum
424 1291 501 1326 ista
522 1295 584 1327 est
602 1289 752 1327 forma:

229 1347 251 1361 “
271 1348 488 1400 Gregorius
521 1363 656 1387 servus
687 1363 893 1387 servorum
924 1349 1018 1395 Dei,
1048 1353 1170 1388 servis
1202 1350 1365 1387 Domini

177 1411 314 1446 nostri.
369 1410 475 1456 Quia
493 1410 636 1447 melius
656 1409 791 1448 fuerat
809 1411 916 1447 bona
934 1423 1015 1447 non
1033 1412 1224 1461 incipere,
1244 1424 1365 1461 quam

177 1469 228 1506 ab
243 1468 303 1506 his
320 1482 423 1520 quae
438 1477 585 1520 coepta
599 1476 707 1515 sunt,
723 1472 970 1521 cogitatione
985 1475 1205 1508 retrorsum
1219 1470 1364 1515 redire,

176 1542 332 1566 summo
373 1531 521 1574 studio,
563 1530 809 1568 dilectissimi
851 1530 935 1575 filii,
975 1536 1138 1581 oportet
1178 1536 1225 1568 ut
1265 1543 1364 1581 opus

176 1590 340 1635 bonum,
364 1591 472 1640 quod
495 1590 715 1628 auxiliante
740 1590 915 1628 Domino
931 1593 1133 1640 coepistis,
1147 1589 1363 1641 impleatis.

178 1649 262 1687 Nec
274 1649 386 1687 labor
399 1663 467 1687 vos
481 1664 577 1701 ergo
590 1653 758 1695 itineris,
771 1664 846 1689 nec
857 1650 1145 1688 maledicorum
1157 1649 1364 1688 hominum

174 1709 336 1761 linguae
352 1711 609 1748 deterreant:
639 1711 712 1748 sed
731 1713 838 1747 omni
853 1712 1061 1756 instantia,
1077 1713 1267 1762 omnique
1286 1711 1365 1749 fer-

178 1783 284 1815 vore,
301 1782 405 1821 quae
420 1769 637 1808 inchoastis
659 1770 748 1808 Deo
769 1776 933 1809 auctore
953 1773 1161 1822 peragite:
1188 1773 1362 1810 scientes

179 1830 287 1879 quod
316 1830 495 1868 laborem
514 1844 709 1881 magnum
728 1831 854 1867 maior
874 1835 1066 1868 aeternae
1085 1831 1362 1869 retributionis

228 1925 241 1944 ²
264 1925 411 1957 Provost
430 1925 466 1956 of
483 1925 543 1956 the
562 1929 759 1966 monastery
779 1925 814 1956 of
832 1924 883 1957 St.
902 1925 1061 1963 Andrew,
1081 1925 1192 1957 which
1211 1925 1362 1968 Gregory

182 1967 250 1998 had
266 1968 353 1999 built
369 1978 413 1999 on
428 1968 487 1999 the
503 1968 632 2000 Coelian
650 1968 708 1999 hill
723 1971 763 2000 at
779 1968 899 2000 Rome.

227 2011 239 2029 2
262 2010 473 2042 Somewhere
489 2011 525 2042 in
543 2011 726 2043 Provenee.

187 2067 252 2091 102
