1473 2322
396 128 430 164 T
432 127 506 164 HE
542 127 871 165 VENERABLE
905 128 1053 166 BEDE

140 244 294 267 morum
331 230 654 275 adnuntiatione,
688 233 729 267 in
765 231 950 269 omnibus
998 233 1187 282 gentibus
1223 245 1328 282 quae

138 284 311 321 necdum
347 297 562 322 conversae
597 288 707 328 sunt,
742 283 949 322 dilatetur.
1020 284 1193 323 Studeat
1229 298 1326 336 ergo

140 341 211 373 tua
223 336 472 381 fraternitas,
485 335 560 374 hoc
575 337 684 387 quod
697 337 802 375 sedis
817 336 1059 387 apostolicae
1073 337 1327 377 humanitate

140 392 336 439 percepit,
384 392 629 427 intemerata
675 393 824 427 mentis
871 392 1104 429 sinceritate
1152 405 1328 436 servare,

139 443 354 480 intendens
394 446 505 481 cuius
543 445 602 481 rei
640 443 903 481 similitudine
941 448 1027 481 tam
1065 447 1326 494 praecipuum

140 496 424 534 indumentum
461 495 638 534 humeris
675 499 755 534 tuis
793 496 1054 535 baiulandum
1090 500 1325 547 susceperis.

139 548 360 600 'salemque
386 554 430 588 te
456 548 622 587 Domini
648 549 863 600 implorata
888 549 1106 588 clementia
1132 550 1325 589 exhiben-

141 603 236 640 dum
269 603 404 648 stude,
438 607 484 640 ut
517 602 664 641 indulti
696 606 874 642 muneris
906 606 1087 654 praemia
1119 617 1200 642 non
1232 617 1324 642 cum

142 656 401 701 reatitudine,
441 656 515 694 sed
555 669 647 694 cum
687 657 906 694 commodis
948 660 1186 702 animarum,
1227 662 1323 696 ante

142 709 315 747 tribunal
358 711 503 747 summi
548 714 592 747 et
634 712 794 748 venturi
838 709 985 748 Iudicis
1028 715 1321 760 repraesentes.

143 762 251 801 Deus
270 767 313 801 te
331 762 575 801 incolumem
593 763 810 807 custodiat,
828 763 1087 801 dilectissime
1106 762 1274 802 frater.'’

636 1030 754 1068 CAP.
792 1031 849 1068 IX

139 1116 200 1154 De
214 1116 365 1167 imperio
379 1115 478 1168 regis
492 1115 664 1161 Aeduini,
679 1122 712 1154 et
726 1121 764 1153 ut
778 1115 923 1153 veniens
938 1115 987 1153 ad
1000 1116 1323 1167 evangelizandum

240 1169 273 1206 ei
311 1169 508 1214 Paulinus,
543 1169 664 1220 primo
691 1169 821 1219 filiam
861 1169 939 1206 eius
978 1182 1058 1207 cum
1099 1169 1198 1215 aliis,
1224 1169 1325 1221 fidei

243 1222 476 1261 Christianae
498 1223 736 1260 sacramentis
758 1221 933 1259 imbuerit.

188 1308 278 1355 Quo
303 1313 487 1358 tempore
512 1309 637 1346 etiam
661 1321 760 1358 gens
785 1307 1224 1358 Nordanhymbrorum,
1249 1308 1323 1346 hoc

139 1366 214 1406 est,
238 1374 286 1399 ea
309 1364 420 1398 natio
443 1361 680 1411 Anglorum,
704 1374 808 1411 quae
831 1361 883 1399 ad
905 1361 1173 1412 aquilonalem
1196 1362 1323 1399 Hum-

138 1416 234 1452 brae
280 1414 452 1452 fluminis
497 1414 659 1465 plagam
704 1414 930 1459 habitabat,
974 1427 1065 1451 cum
1109 1428 1206 1465 rege
1251 1428 1323 1453 suo

137 1468 336 1513 Aeduino,
370 1468 538 1506 verbum
572 1467 666 1505 fidei
700 1468 960 1517 praedicante
996 1466 1177 1512 Paulino,
1211 1470 1323 1506 cuius

136 1535 256 1571 supra
288 1523 557 1565 meminimus,
590 1523 778 1571 suscepit.
833 1520 907 1559 Cui
941 1520 1129 1559 videlicet
1162 1523 1247 1572 regi
1281 1523 1322 1559 in

136 1576 355 1624 auspicium
404 1574 680 1624 suscipiendae
729 1574 822 1612 fidei
871 1578 915 1612 et
961 1576 1075 1624 regni
1123 1574 1323 1619 caelestis,

136 1632 315 1677 potestas
335 1629 460 1666 etiam
478 1629 628 1665 terreni
648 1631 829 1665 creverat
847 1629 1026 1677 imperii:
1059 1629 1117 1664 ita
1135 1631 1194 1672 ut,
1214 1628 1323 1677 quod

136 1694 254 1719 nemo
281 1680 505 1732 Anglorum
533 1685 628 1718 ante
658 1694 764 1725 eum,
791 1693 929 1718 omnes
957 1680 1180 1718 Brittaniae
1209 1681 1321 1724 fines,

136 1748 216 1785 qua
246 1733 308 1772 vel
338 1736 514 1784 ipsorum
545 1733 609 1772 vel
638 1733 878 1772 Brettonum
909 1735 1134 1783 provinciae
1165 1733 1319 1771 habita-

136 1787 266 1832 bant,1
301 1788 376 1825 sub
412 1787 564 1826 ditione
602 1786 834 1837 acciperet.“’·
886 1786 993 1834 Quin
1030 1791 1073 1825 et
1110 1786 1319 1825 Mevanias

268 1881 279 1900 1
302 1880 356 1912 for
370 1879 532 1916 habitant,
550 1879 600 1911 Pl.
845 1879 858 1900 ²
879 1879 934 1911 for
949 1878 1119 1919 acceperit,
1136 1878 1188 1911 Pl.

438 1998 449 2017 ¹
472 1998 511 2031 P.
532 1999 603 2031 157.
863 1997 876 2017 ²
900 1998 1019 2030 Omen.

135 2067 206 2101 244
