1473 2322
455 165 566 202 THE
603 164 931 202 VENERABLE
966 164 1114 202 BEDE

194 267 341 304 derunt
375 267 602 312 comitibus,
636 265 833 304 inlicitum
867 269 1112 317 coniugium,
1147 267 1256 317 quod
1289 280 1380 304 cum

195 339 402 387 episcopus
423 336 637 387 prohibere
660 342 703 375 et
724 339 923 387 corrigere
945 350 1025 374 non
1047 341 1198 387 posset,
1222 349 1380 375 excom-

192 409 411 444 municavit
433 421 539 452 eum,
561 412 685 457 atque
707 407 891 444 omnibus
913 409 982 457 qui
1003 420 1046 445 se
1068 406 1207 445 audire
1228 406 1381 445 vellent

192 479 400 527 praecepit
426 490 478 515 ne
512 477 676 515 domum
710 479 795 515 eius
827 479 1000 515 intraret
1031 490 1165 527 neque
1198 476 1250 515 de
1283 477 1380 515 cibis

192 546 294 584 illius
328 549 569 597 acciperent.
625 546 880 597 Contempsit
913 552 1051 584 autem
1084 560 1156 585 rex
1189 560 1380 599 praecep-

194 623 293 662 tum,
313 622 355 655 et
373 622 538 668 rogatus
557 631 581 655 a
597 619 760 663 comite,
778 619 944 655 intravit
962 616 1196 668 epulaturus
1215 617 1379 655 domum

193 690 299 725 eius:
335 690 403 738 qui
424 701 515 724 cum
537 688 716 733 abiisset,
737 688 914 725 obviavit
934 689 972 725 ei
993 689 1175 726 antistes.
1228 688 1288 726 At
1307 701 1378 727 rex

192 760 354 795 intuens
384 771 491 803 eum,
520 771 615 795 mox
644 757 908 796 tremefactus
937 757 1101 796 desiluit
1130 771 1249 808 equo,
1279 761 1379 797 ceci-

191 827 333 878 ditque
367 833 462 865 ante
496 827 621 877 pedes
655 829 754 872 eius,
787 830 946 865 veniam
983 832 1120 865 reatus
1157 827 1377 878 postulans.

191 897 295 934 Nam
308 903 350 935 et
362 900 571 947 episcopus
583 899 735 947 pariter
745 896 908 935 desiluit
922 897 1105 935 :sederat
1117 900 1224 935 enim
1237 903 1280 936 et
1290 901 1376 949 ipse

190 970 230 1004 in
250 980 366 1018 equo.
422 967 554 1004 Iratus
574 972 713 1005 autem
731 969 872 1017 tetigit
889 980 1029 1017 regem
1047 969 1249 1005 iacentem
1268 970 1379 1019 virga

191 1051 311 1088 quam
339 1038 509 1075 tenebat
537 1051 673 1082 manu,
702 1042 745 1075 et
771 1037 990 1087 pontificali
1019 1040 1262 1076 auctoritate
1289 1051 1378 1089 pro-

190 1113 388 1145 testatus:
440 1106 462 1119 “
483 1107 584 1145 Dico
622 1106 738 1152 tibi,'’
776 1109 922 1157 inquit,
961 1106 1097 1157 “quia
1134 1107 1297 1146 noluisti
1334 1114 1377 1147 te

189 1180 396 1215 continere
416 1190 440 1214 a
459 1177 578 1215 domo
597 1177 745 1227 perditi
766 1183 809 1215 et
828 1177 1009 1214 damnati
1029 1176 1147 1223 illius,
1166 1183 1212 1215 tu
1231 1180 1272 1215 in
1291 1180 1378 1229 ipsa

189 1247 308 1285 domo
336 1249 437 1284 mori
465 1246 633 1285 habes.”
686 1246 767 1285 Sed
794 1247 1041 1285 credendum
1071 1253 1134 1285 est
1162 1250 1257 1298 quia
1285 1247 1377 1286 talis

188 1331 293 1355 mors
319 1320 389 1354 viri
413 1316 588 1367 religiosi
612 1330 693 1354 non
716 1316 845 1354 solum
868 1317 993 1355 talem
1018 1316 1176 1368 culpam
1201 1317 1376 1364 diluerit,

188 1388 260 1425 sed
287 1390 411 1425 etiam
437 1389 627 1424 meritum
656 1389 740 1424 eius
768 1389 949 1425 auxerit:
990 1390 1084 1437 quia
1111 1389 1297 1425 nimirum
1324 1389 1376 1426 ob

188 1471 349 1495 causam
384 1459 564 1507 pietatis,
601 1459 695 1507 quia
729 1462 895 1507 propter
931 1457 1228 1495 observantiam
1262 1471 1374 1496 man-

188 1528 374 1565 datorum
404 1526 551 1563 Christi
579 1529 762 1577 contigit.

237 1597 436 1635 Successit
468 1602 606 1634 autem
638 1596 848 1647 Sigbercto
879 1600 920 1634 in
950 1610 1122 1647 regnum
1152 1597 1374 1644 Suidhelm,

187 1667 289 1705 filius
314 1666 518 1711 Sexbalffi,
545 1669 613 1717 qui
638 1668 868 1717 baptizatus
894 1672 957 1705 est
982 1667 1033 1704 ab
1058 1669 1143 1717 ipso
1169 1667 1307 1706 Cedde
1331 1670 1373 1705 in

185 1740 388 1788 provincia
416 1736 684 1775 Orientalium
714 1736 952 1787 Anglorum,
980 1739 1021 1774 in
1050 1739 1135 1774 vico
1163 1740 1275 1788 regio
1304 1740 1371 1789 qui

185 1809 330 1846 dicitur
358 1805 670 1852 Rendlaesham,
698 1806 740 1844 id
769 1812 845 1852 est,
875 1806 1035 1845 Mansio
1063 1806 1245 1851 Rendssi3
1288 1821 1372 1846 sus·

184 1881 374 1928 cepitque
390 1891 483 1915 eum
500 1877 787 1915 ascendentem
804 1877 854 1914 de
871 1876 984 1915 fonte
1000 1882 1140 1914 sancto
1155 1876 1370 1916 Aediluald

183 1961 254 1986 rex
272 1950 394 1998 ipsius
413 1949 546 1997 gentis
565 1945 833 1985 Orientalium
851 1945 1090 1998 Anglorum,
1107 1946 1233 1987 frater
1250 1948 1369 1986 Anna

182 2020 289 2068 regis
308 2016 556 2056 eorumdem.

180 2101 254 2135 440
