1473 2322
431 123 544 163 THE
579 122 910 163 VENERABLE
945 125 1092 163 BEDE

172 230 385 273 senserint,
410 240 491 265 non
517 228 681 265 sibimet
705 228 969 278 discrepando
994 228 1217 279 perficiant.
1268 229 1356 267 Tua

172 294 267 320 vero
287 280 520 319 fraternitas
540 295 620 318 non
640 281 769 318 solum
791 295 858 320 eos
880 285 1086 332 episcopos
1105 296 1205 333 quos
1224 283 1356 321 ordin-

173 337 314 379 averit,
353 348 486 385 neque
524 334 596 372 hos
633 336 917 373 tantummodo
945 338 1013 386 qui
1046 349 1119 386 per
1146 337 1355 375 Eburacae

174 391 404 438 episcopum
433 387 586 426 fuerint
614 389 802 433 ordinati,
831 389 902 426 sed
933 392 1057 427 etiam
1086 403 1224 428 omnes
1252 390 1356 428 B1it·

173 444 309 479 taniae
336 442 566 479 sacerdotes
593 441 745 479 habeat
772 442 862 480 Deo
891 442 1068 480 Domino
1095 449 1231 480 nostro
1265 443 1356 482 Iesu

174 494 333 532 Christo
365 500 529 532 auctore
560 495 786 540 subiectos3
829 502 1031 546 quatenus
1063 509 1112 534 ex
1144 497 1282 548 lingua
1313 503 1357 536 et

174 551 258 586 vita
294 554 392 586 tuae
430 551 672 593 sanctitatis,
711 555 755 587 et
791 555 903 587 recte
940 550 1131 587 credendi
1170 556 1214 588 et
1251 551 1355 589 bene

174 602 332 640 vivendi
354 601 524 639 formam
544 604 785 652 percipiant,
804 609 928 653 atque
949 604 1120 640 officium
1140 616 1256 641 suum
1277 604 1356 642 fide

175 668 220 693 ac
243 656 420 692 moribus
445 661 730 706 exsequentes,
755 656 807 694 ad
830 656 1021 694 caelestia
1043 670 1134 694 cum
1160 657 1356 695 Dominus

174 708 345 746 voluerit
391 722 517 759 regna
564 712 812 760 pertingant.
866 709 979 748 Deus
1026 715 1069 748 te
1116 711 1356 749 incolumem

173 762 390 807 custodiat,
412 766 734 800 reverentissime
757 762 895 800 frater.

226 815 379 852 “Data
406 816 472 853 die
500 816 657 853 decima
683 816 947 853 kalendarum
981 815 1186 861 Iuliarum,
1212 819 1358 867 imper-

175 874 271 906 ante
283 869 445 906 domino
456 876 592 906 nostro
606 870 803 907 Mauricio
814 870 973 908 Tiberio
984 873 1161 920 piissimo
1171 871 1358 921 Augusto

175 935 280 959 anno
300 923 456 960 decimo
476 936 596 967 nono,
617 929 710 973 post
728 923 981 961 consulatum
1007 924 1187 961 eiusdem
1208 925 1356 961 domini

176 989 280 1013 anno
307 976 463 1014 decimo
489 982 647 1021 octavo,
672 977 891 1015 indictione
919 976 1106 1028 quarta.”

634 1217 750 1255 CAP.
788 1219 904 1255 XXX

213 1305 413 1355 Exemplar
439 1305 614 1355 epistolae
639 1318 750 1356 quam
778 1304 927 1342 Mellito
952 1303 1075 1342 abbata·
1099 1304 1323 1343 Brittaniam

616 1358 783 1409 pergenti
808 1358 918 1396 misit.

226 1445 487 1481 ABEUNTIBUS
512 1450 650 1482 autem
675 1443 869 1494 praefatis
892 1444 1112 1495 legatariis,
1136 1447 1246 1482 misit
1269 1451 1362 1495 post

178 1511 244 1536 eos
260 1498 405 1535 beatus
421 1504 539 1547 pater
556 1497 773 1548 Gregorius
790 1498 945 1536 litteras
961 1504 1188 1536 memoratu
1204 1499 1361 1549 dignas,

178 1554 217 1588 in
251 1552 395 1601 quibus
428 1557 569 1600 aperte
603 1565 725 1601 quarn
756 1552 936 1589 studiose
970 1565 1067 1602 erga
1097 1551 1361 1590 salvationem

178 1610 338 1642 nostrae
359 1607 494 1655 gentis
514 1605 797 1653 invigilaverit,
817 1605 1011 1647 ostendit,
1033 1608 1091 1642 ita
1111 1606 1310 1643 scribens:

229 1656 251 1669 “
272 1657 539 1695 Dilectissimo
559 1657 637 1694 filio
658 1657 816 1695 Mellito
836 1658 973 1695 abbati
992 1657 1208 1708 Gregorius
1225 1670 1361 1696 servus

178 1723 380 1748 servorum
405 1711 494 1748 Dei.

234 1762 371 1801 “Post
418 1764 636 1802 discessum
682 1759 1009 1814 congregationis
1051 1769 1211 1802 nostrae
1257 1777 1361 1814 quae

182 1823 316 1855 tecum
343 1822 419 1861 est,
447 1817 561 1854 valde
589 1830 725 1854 sumus
752 1820 930 1867 suspensi
959 1817 1119 1861 redditi,
1146 1819 1239 1867 quia
1266 1817 1362 1854 nihil

180 1870 230 1908 de
260 1872 528 1921 prosperitate
558 1873 678 1908 vestri
709 1872 861 1908 itineris
892 1871 1048 1908 audisse
1078 1884 1148 1907 nos
1178 1873 1358 1922 contigit.

228 1966 240 1985 ¹
264 1965 336 1997 The
366 1966 460 1997 word
492 1976 573 2007 may
604 1966 712 2007 imply
744 1965 824 1997 that
854 1966 939 2007 they
970 1976 1055 1997 were
1086 1966 1208 1997 monks
1236 1966 1272 1997 of
1300 1965 1360 1998 the

182 2013 381 2050 monastery
399 2009 435 2040 of
452 2008 502 2041 St.
522 2008 680 2040 Andrew.

183 2062 250 2099 160
