1473 2322
421 147 532 184 THE
567 146 897 184 VENERABLE
932 146 1079 184 BEDE

616 266 732 304 CAP.
769 266 887 304 XVII

165 351 213 388 Ut
233 351 327 389 idem
348 351 393 389 ab
413 351 581 389 Honorio
597 365 703 403 papa
722 351 988 389 exhortatorias
1009 351 1134 390 literas
1155 352 1345 404 acceperit,

395 410 458 462 qui
479 410 587 448 etiam
608 410 767 448 Paulino
785 410 943 461 pallium
964 410 1111 449 miserit.

209 495 299 542 Quo
331 499 515 545 tempore
546 495 822 545 praesulatum
853 496 958 534 sedis
990 496 1232 547 apostolicae
1263 497 1343 534 Ho-

158 556 290 591 norius
318 554 510 591 Bonifatii
537 567 740 593 successor
766 554 959 600 habebat,
988 558 1056 605 qui
1083 556 1152 593 ubi
1179 560 1345 607 gentem

159 611 585 664 Nordanhymbrorum
614 627 705 650 cum
734 626 805 650 suo
834 627 931 665 rege
962 614 1014 651 ad
1042 614 1164 652 fidem
1192 614 1346 652 confes-

157 673 391 722 sionemque
413 671 575 717 Christi,
597 671 764 709 Paulino
787 672 1091 723 evangelizante
1114 686 1345 711 conversam

158 744 244 769 esse
261 731 413 775 didicit,
428 733 538 768 misit
554 731 685 769 eidem
702 730 868 769 Paulino
883 731 1063 781 pallium,
1078 733 1188 769 misit
1203 736 1246 770 et
1259 734 1345 783 regi

158 791 343 828 Aeduino
362 790 500 828 literas
523 789 830 834 exhortatorias,
851 794 1022 840 paterna
1040 790 1155 827 illum
1175 793 1345 828 caritate

158 849 393 893 accendens,
413 853 460 886 ut
479 851 519 885 in
540 848 619 886 fide
639 851 820 886 veritatis
841 863 963 899 quam
983 854 1236 899 acceperant,
1256 863 1345 899 per-

157 911 297 946 sistere
319 921 477 958 semper
499 921 544 944 ac
565 907 757 957 proficere
779 912 977 946 curarent.
1034 908 1215 955 Quarum
1236 909 1345 946 vide-

156 967 252 1005 licet
271 967 480 1005 Iiterarum
502 969 579 1004 iste
603 971 667 1005 est
689 967 807 1004 ordo:

208 1026 229 1039 ‘¹
248 1025 423 1063 Domino
451 1025 787 1063 excellentissimo
814 1030 937 1076 atque
963 1025 1345 1075 praecellentissimo

158 1085 236 1123 filio
274 1086 460 1123 Aeduino
497 1087 584 1135 regi
621 1085 859 1135 Anglorum,
897 1085 1097 1122 Honorius
1136 1087 1345 1136 episeopus

157 1158 292 1183 servus
320 1157 524 1182 servorum
551 1143 645 1188 Dei,
673 1143 860 1181 salutem.

207 1209 230 1225 “
247 1204 311 1240 Ita
328 1203 642 1240 Christianitatis
658 1207 816 1240 vestrae
832 1205 1044 1254 integritas
1061 1205 1163 1240 circa
1179 1205 1239 1241 sui
1254 1216 1345 1241 con-

156 1263 294 1300 ditoris
327 1262 480 1299 cultum
514 1262 607 1299 fidei
641 1266 704 1299 est
736 1262 877 1300 ardore
910 1275 1114 1307 succensa,
1147 1266 1194 1300 ut
1224 1261 1344 1313 longe

156 1322 319 1372 lateque
347 1321 620 1371 resplendeat,
650 1325 693 1358 et
719 1322 761 1358 in
790 1323 896 1358 omni
924 1322 1075 1359 mundo
1105 1321 1342 1359 adnuntiata

157 1383 278 1419 vestri
329 1382 459 1430 operis
510 1379 788 1430 multipliciter
837 1379 989 1419 referat
1038 1380 1227 1418 fructum.
1282 1379 1343 1418 Sic

157 1442 263 1478 enim
301 1453 368 1477 vos
406 1452 522 1490 reges
561 1452 648 1477 esse
686 1441 938 1490 cognoscitis,
976 1440 1072 1478 dum
1109 1439 1265 1491 Regem
1303 1444 1344 1477 et

156 1499 390 1537 Creatorem
415 1502 594 1536 vestrum
620 1498 845 1536 orthodoxa
869 1499 1170 1549 praedicatione
1198 1499 1344 1544 edocti,

156 1559 291 1596 Deum
312 1558 540 1596 venerando
561 1557 737 1602 creditis,
759 1559 891 1608 eique,
913 1558 1022 1608 quod
1039 1557 1217 1596 humana
1236 1557 1345 1596 valet

157 1618 345 1662 conditio,
366 1618 514 1654 mentis
538 1621 696 1655 vestrae
719 1618 914 1655 sinceram
938 1617 1195 1655 devotionem
1218 1616 1344 1654 exsol-

156 1679 258 1713 vitis.
314 1675 422 1722 Quid
439 1677 546 1713 enim
563 1674 654 1713 Deo
671 1679 808 1713 nostro
825 1675 934 1714 aliud
951 1675 1092 1714 offerre
1109 1675 1344 1720 valebimus,

156 1738 229 1773 nisi
255 1739 301 1772 ut
326 1737 366 1771 in
390 1735 505 1772 bonis
532 1735 686 1771 actibus
712 1736 989 1784 persistentes,
1014 1737 1227 1785 ipsumque
1253 1747 1344 1772 auc-

155 1799 286 1832 torem
305 1793 469 1830 humani
491 1795 649 1843 generis
670 1793 924 1838 confitentes,
946 1808 1039 1832 eum
1059 1793 1204 1838 colere,
1225 1795 1344 1844 eique

156 1858 250 1890 vota
271 1857 407 1890 nostra
429 1852 599 1890 reddere
621 1851 887 1890 festinemus?
940 1852 995 1888 Et
1016 1852 1121 1895 ideo,
1145 1851 1344 1890 excellen-

203 1965 214 1983 ¹
237 1965 309 1995 The
321 1966 407 1994 next
416 1963 521 1994 letter
532 1963 641 1993 shews
654 1962 734 1994 that
745 1962 806 1994 the
819 1962 901 1994 date
913 1972 983 1994 was
994 1962 1086 1994 June
1099 1964 1175 1996 634.
1220 1963 1343 1995 Edwin

156 2017 225 2037 was
241 2007 329 2037 slain
343 2007 379 2037 in
397 2005 547 2037 October
563 2006 638 2037 633.

158 2074 229 2109 300
