1473 2322
427 118 539 156 THE
573 118 904 156 VENERABLE
939 119 1086 157 BEDE

170 222 363 271 Misitque
395 234 466 258 rex
498 233 590 257 cum
622 233 670 257 eo
700 221 984 271 presbyterum
1016 234 1132 258 suum
1164 223 1355 260 vocabulo

165 280 446 324 Eadhaedum,
462 282 530 330 qui
545 285 688 329 postea
703 286 901 331 regnante
917 279 1120 331 Ecgfrido,
1135 281 1356 331 Hrypensis

167 340 358 377 ecclesiae
395 339 556 389 praesul
592 338 723 377 factus
761 345 836 377 est.
890 339 1042 377 Verum
1078 340 1133 377 illi
1170 340 1356 379 Cantiam

166 401 463 449 pervenientes,
485 400 729 436 invenerunt
752 398 1095 449 archiepiscopum
1129 399 1358 437 Deusdedit

167 463 247 496 iam
275 461 469 508 migrasse
498 458 549 495 de
578 457 751 502 saeculo,
781 464 824 495 et
853 458 1026 495 necdum
1056 458 1178 495 alium
1207 472 1279 508 pro
1309 472 1357 497 eo

168 520 434 554 constitutum
475 516 599 554 fuisse
641 517 887 566 pontificem.
944 517 1064 555 Unde
1107 518 1359 556 diverterunt

169 577 219 614 ad
258 579 503 627 provinciam
543 576 867 614 Occidentalium
907 575 1125 622 Saxonum,
1164 578 1231 614 ubi
1272 583 1359 616 erat

169 637 258 673 Vini
273 639 482 686 episcopus
497 650 505 673 ฮต
535 642 578 673 et
592 637 642 673 ab
656 636 722 673 illo
738 643 800 674 est
814 639 871 673 vir
883 636 1090 686 praefatus
1104 644 1358 675 consecratus

169 699 352 740 antistes,
376 696 570 732 adsumtis
593 698 634 732 in
658 699 896 733 societatem
919 697 1179 733 ordinationis
1204 697 1358 734 duobus

168 756 219 794 de
266 755 507 792 Brettonum
554 761 680 806 gente
729 757 939 806 episcopis,
987 758 1055 806 qui
1103 756 1359 794 Dominicum

168 814 342 866 paschae
369 815 492 859 diem,
520 820 567 852 ut
594 817 753 865 saepius
781 815 934 852 dictum
962 821 1038 860 est,
1066 828 1178 852 secus
1206 828 1359 853 morem

168 878 404 913 canonicum
441 888 465 911 a
501 880 647 925 quarta
683 875 841 912 decima
877 888 1004 925 usque
1042 875 1093 912 ad
1131 878 1359 913 vicesimam

168 936 304 973 lunam
322 934 542 972 celebrant.
599 934 689 971 Non
709 937 815 971 enim
835 940 923 972 erat
940 940 1036 972 tunc
1054 934 1170 979 ullus,
1189 941 1359 985 excepto

168 995 234 1032 illo
260 995 376 1039 Vine,
401 997 443 1031 in
469 1000 558 1031 tota
582 993 784 1032 Brittania
809 997 999 1032 canonice
1026 995 1232 1032 ordinatus
1259 998 1360 1045 epis-

169 1067 303 1104 copus.
359 1053 624 1090 Consecratus
644 1066 740 1104 ergo
758 1056 799 1090 in
819 1056 1051 1104 episcopum
1070 1053 1247 1099 Ceadda,
1266 1068 1359 1092 mox

169 1116 303 1164 coepit
347 1113 640 1150 ecclesiasticae
685 1115 861 1157 veritati,
916 1118 959 1150 et
1002 1116 1181 1151 castitati
1225 1127 1360 1151 curam

168 1173 427 1224 impendere3
457 1171 677 1210 humilitati
693 1174 981 1218 continentiae,
1007 1172 1169 1209 lectioni
1196 1186 1361 1223 operam

169 1234 287 1277 dare3
338 1232 501 1282 oppida,
536 1244 644 1276 rura,
679 1245 804 1276 casas,
841 1234 960 1276 vicos,
995 1232 1162 1269 castella
1196 1239 1361 1283 propter

170 1292 542 1344 evangelizandum,
583 1304 663 1329 non
704 1292 938 1342 equitando,
978 1292 1050 1330 sed
1090 1292 1360 1342 apostolorum

169 1366 279 1391 more
309 1352 478 1402 pedibus
507 1351 732 1389 incedendo
760 1364 988 1402 peragrare.
1044 1351 1144 1388 Erat
1173 1354 1280 1389 enim
1308 1352 1360 1390 de

169 1412 370 1462 discipulis
386 1411 548 1455 Aidani,
565 1411 799 1461 eisdemque
820 1411 975 1448 actibus
991 1423 1037 1448 ac
1056 1411 1232 1448 moribus
1247 1414 1362 1449 iuxta

170 1472 402 1522 exemplum
427 1474 526 1515 eius,
551 1484 598 1508 ac
621 1470 755 1508 fratris
780 1473 841 1508 sui
866 1470 1008 1514 Ceddi,
1033 1483 1124 1507 suos
1148 1473 1361 1508 instituere

169 1535 325 1570 curavit
351 1532 567 1569 auditores.
623 1530 799 1568 Veniens
827 1543 988 1580 quoque
1014 1529 1255 1566 Brittaniam
1281 1530 1361 1567 Vil-

170 1592 247 1630 frid
268 1595 348 1629 iam
372 1594 582 1641 episcopus
604 1589 735 1634 factis,
758 1596 802 1628 et
823 1593 908 1640 ipse
930 1589 1118 1640 perplura
1140 1588 1360 1627 catholicae

170 1653 457 1690 observationis
499 1650 775 1688 moderamina
818 1649 992 1687 ecclesiis
1034 1648 1257 1699 Anglorum
1289 1662 1361 1686 sua

169 1713 352 1750 doctrina
383 1710 566 1748 contulit.
623 1709 744 1747 Unde
778 1708 931 1746 factum
966 1714 1041 1752 est,
1075 1714 1122 1745 ut
1154 1714 1360 1746 crescente

169 1785 242 1822 per
260 1772 345 1809 dies
363 1772 617 1807 institutione
636 1768 847 1813 catholica,
865 1768 993 1806 Scotti
1012 1781 1150 1805 omnes
1169 1770 1237 1818 qui
1254 1770 1361 1805 inter

170 1831 323 1882 Anglos
343 1831 619 1873 morabantur,
640 1834 712 1866 aut
732 1827 792 1865 his
812 1841 955 1865 manus
975 1827 1133 1872 darent,
1154 1832 1226 1864 aut
1246 1840 1359 1865 suam

169 1891 350 1929 redirent
368 1890 420 1927 ad
439 1892 624 1940 patriam.

217 1987 229 2006 ยน
254 1986 354 2017 Secas
377 1985 455 2017 here
470 1985 555 2016 used
572 1985 626 2016 for
647 1988 769 2017 contra.
815 1985 888 2016 The
907 1987 977 2017 two
998 1983 1138 2025 bishops
1155 1994 1240 2015 were
1257 1983 1358 2026 prob-

170 2030 252 2072 ably
266 2029 357 2062 from
371 2029 549 2061 Cornwall.
596 2028 731 2070 Bright,
748 2038 782 2070 p.
800 2029 875 2060 222.

169 2095 241 2131 492
