1473 2322
435 131 547 169 THE
583 132 913 170 VENERABLE
949 132 1096 170 BEDE

648 251 764 290 CAP.
802 251 860 289 XI
877 253 891 275 1

180 338 227 376 Ut
267 343 443 388 regnante
483 337 652 374 Honorio
695 336 902 375 Gratianus
941 341 976 374 et
1019 336 1280 375 Constantinus
1319 337 1359 374 in

271 391 460 428 Brittania
484 391 633 441 tyranni
656 390 782 435 creati,
806 396 840 427 et
864 403 947 427 mox
966 390 1073 441 prior
1095 390 1133 428 in
1156 390 1359 436 Brittania,

272 444 452 482 secundus
469 444 507 481 in
527 443 656 481 Gallia
674 443 747 481 sint
762 444 978 495 interempti.

222 532 341 568 ANNo
374 532 425 569 ab
456 533 732 569 incarnatione
765 531 929 568 Domini
961 531 1358 581 quadringentesimo

172 587 346 634 septimo
382 590 552 622 tenente
590 587 803 634 imperium
840 584 1018 622 Honorio
1055 585 1243 635 Augusto
1279 584 1359 622 filio

172 638 384 676 Theodosii
422 641 576 676 minore
613 638 700 675 loco
738 639 789 675 ab
826 639 1014 688 Augusto
1051 638 1359 689 quadragesimo

174 698 332 742 quarto,
348 697 443 729 ante
458 692 667 729 biennium
682 691 887 729 Romanae
903 693 1141 742 inruptionis
1162 703 1267 742 quae
1286 704 1359 741 per

174 745 405 782 Halaricum
430 745 586 796 Regem
612 744 838 782 Gothorum
863 744 972 782 facta
998 750 1074 789 est,
1099 758 1190 782 cum
1214 750 1360 796 gentes

173 799 436 843 Halanorum,
455 798 690 843 Suevorum,
710 798 996 842 Vandalorum,
1014 797 1249 848 multaeque
1268 811 1360 835 cum

172 852 233 889 his
260 852 362 889 aliae
381 854 561 902 protritis
589 852 764 896 Francis,
784 854 955 889 transito
982 851 1134 896 Hreno,
1153 857 1262 889 totas
1287 864 1361 901 per

175 905 324 943 Gallias
342 908 558 950 saevirent,
571 906 678 955 apud
690 906 908 942 Brittanias
922 905 1140 942 Gratianus
1152 907 1360 954 municeps

173 965 368 1010 tyrannus
383 964 543 997 creatur
558 964 601 997 et
615 959 821 996 occiditur.
875 958 1006 995 Huius
1025 958 1111 995 loco
1127 958 1359 995 Constanti-

174 1026 248 1050 nus
277 1026 328 1051 ex
356 1012 494 1049 infima
519 1012 676 1056 militia,
703 1017 869 1062 propter
896 1011 1021 1049 solam
1049 1025 1162 1062 spem
1190 1013 1358 1049 nominis

174 1069 260 1105 sine
280 1069 426 1104 merito
447 1068 606 1103 virtutis
628 1065 812 1116 eligitur:
848 1067 916 1116 qui
938 1067 1128 1103 continuo
1149 1070 1196 1102 ut
1215 1067 1362 1103 invasit

174 1122 387 1170 imperium
415 1122 456 1157 in
485 1119 635 1156 Gallias
664 1121 846 1162 transiit;
892 1120 947 1156 ibi
979 1131 1100 1168 saepe
1129 1131 1154 1155 a
1180 1119 1360 1156 barbaris

176 1176 336 1211 incertis
361 1172 593 1210 foederibus
612 1172 764 1210 inlusus
783 1172 1030 1210 detrimento
1054 1174 1182 1222 magis
1202 1172 1362 1221 reipub-

177 1227 276 1264 licae
295 1225 396 1264 fuit:
440 1226 548 1264 unde
577 1240 671 1264 mox
702 1227 870 1264 iubente
902 1225 1079 1263 Honorio
1101 1225 1360 1262 Constantius

175 1293 308 1318 comes
348 1283 390 1317 in
430 1279 603 1317 Galliam
642 1293 733 1317 eum
773 1282 955 1317 exercitu
993 1277 1213 1329 profectus,
1253 1278 1361 1328 apud

176 1333 385 1372 Arelatem
431 1336 638 1371 civitatem
685 1346 777 1371 eum
823 1333 980 1376 clausit,
1026 1334 1149 1382 cepit,
1194 1332 1361 1369 occidit:

176 1387 524 1437 Constantemque
575 1386 700 1424 filium
752 1388 838 1424 eius
890 1399 1012 1436 quem
1064 1400 1114 1424 ex
1165 1384 1361 1422 monacho

177 1441 391 1479 Caesarem
437 1439 605 1485 fecerat,
657 1440 875 1478 Gerontius
926 1451 1060 1477 comes
1112 1452 1207 1476 suus
1253 1439 1362 1489 apud

176 1495 374 1532 Viennam
392 1493 610 1532 interfecit.

228 1549 373 1585 Fracta
398 1553 462 1585 est
487 1553 625 1585 autem
650 1546 779 1583 Roma
804 1560 828 1583 a
853 1545 996 1583 Gothis
1022 1558 1126 1582 anno
1151 1545 1361 1582 millesimo

175 1602 428 1639 centesimo2
458 1602 710 1651 sexagesimo
739 1605 883 1650 quarto
913 1611 1010 1636 suae
1035 1599 1288 1643 conditionis,
1311 1612 1362 1636 ex

178 1668 256 1705 quo
276 1660 460 1705 tempore
480 1654 650 1691 Romani
670 1656 711 1690 in
731 1653 931 1690 Brittania
950 1666 1121 1703 regnare
1141 1658 1362 1696 cessarunt,

177 1714 270 1759 post
291 1721 415 1746 annos
437 1707 564 1746 ferme
587 1707 904 1758 quadringentos
926 1708 1188 1756 septuaginta
1210 1719 1260 1743 ex
1283 1718 1361 1755 quo

179 1762 303 1800 Gaius
329 1761 451 1799 Iulius
477 1761 624 1799 Caesar
640 1761 811 1799 eandem
835 1759 1006 1797 insulam
1026 1760 1138 1797 adiit.
1192 1759 1362 1796 Habita-

204 1848 239 1899 ..²
261 1847 342 1879 This
361 1847 502 1889 chapter
519 1850 556 1878 to
575 1845 735 1887 interfecit
750 1846 780 1878 is
798 1845 916 1888 pieced
938 1844 1096 1886 together
1117 1844 1205 1876 from
1225 1843 1362 1876 Orosius

179 1902 237 1953 vni
254 1891 431 1966 {Zigane
449 1935 511 1964 not
527 1933 563 1964 in
579 1930 674 1964 MSS.

548 2020 558 2039 ¹
582 2019 654 2050 The
670 2017 761 2059 right
777 2017 858 2049 date
873 2017 901 2048 is
917 2017 992 2050 410.

186 2085 229 2122 52
