1473 2322
283 343 348 374 XI.

263 529 348 560 XII.

245 810 348 841 XIII.

254 1047 348 1078 XIV.

274 1242 351 1274 XV.

255 1438 351 1468 XVI.

236 1590 351 1621 XVII.

217 1785 351 1816 XVIII.

476 96 770 135 ELENCHUS
809 97 1062 135 CAPITUM

341 223 348 230 .
372 198 423 230 Ut
447 199 595 230 Arcadio
612 201 790 239 regnante,
809 197 967 238 Pelagius
986 198 1108 230 Bretto
1131 201 1254 229 contra

417 242 566 323 {gg-Sam
586 241 651 272 Dei
669 240 818 282 superba
837 240 928 271 bella
945 241 1133 282 susceperit
1152 242 1254 280 [395-

373 342 423 374 Ut
446 346 613 383 regnante
636 341 792 373 Honorio
817 341 1004 373 Gratianus
1027 345 1063 372 et
1086 341 1253 374 Constan-

417 386 512 416 tinus
537 385 573 416 in
599 385 775 415 Brittania
799 385 941 424 tyranni
966 385 1085 420 creati,
1110 387 1146 415 et
1171 395 1253 416 mox

418 429 510 468 prior
531 428 567 458 in
591 427 775 461 Brittania,
798 426 969 458 secundus
986 427 1022 458 in
1041 426 1152 458 Gallia
1169 428 1240 458 sint

417 472 618 511 interempti
635 469 816 509 [395-423]

373 528 423 560 Ut
462 529 647 560 Brettones
685 538 706 559 a
744 527 873 560 Scottis
911 529 1042 559 vastati
1078 528 1254 569 Pictisque

417 571 656 602 Romanorum
670 571 800 601 auxilia
810 571 1019 611 quaesierint-
1034 571 1093 611 qui
1103 571 1253 602 secundo

417 615 607 649 venientes,
634 623 771 644 murum
796 617 893 644 trans
918 613 1065 644 insulam
1091 613 1251 651 fecerint;

417 657 477 688 sed
492 656 555 688 hoe
569 656 752 687 confestim
766 666 787 686 a
800 656 966 697 praefatis
979 655 1136 687 hostibus
1149 657 1253 687 inter-

418 703 534 740 rupto,
579 699 708 730 maiore
751 699 822 729 sint
864 698 1065 729 calamitate
1103 699 1253 740 depressi

373 809 423 841 Ut
438 812 605 849 regnante
621 808 813 840 Theodosio
829 808 972 844 minore,
987 808 1084 839 ouius
1098 811 1254 849 tempore

418 852 594 884 Palladius
610 851 654 883 ad
674 851 813 882 Scottos
830 851 867 882 in
886 850 1061 882 Christum
1077 851 1254 882 credentes

421 896 544 926 missus
579 898 643 930 est,
680 895 865 925 Brettones
899 893 944 924 ab
978 893 1081 925 Aetio
1115 894 1254 925 consule

418 938 586 969 auxilium
597 936 797 978 flagitantes
806 947 877 968 non
887 936 1151 978 impetraverint
1161 937 1240 976 [408
1247 955 1263 958 —

374 1046 424 1078 Ut
451 1047 636 1078 Brettones
662 1046 755 1077 fame
780 1045 916 1076 famosa
942 1046 1066 1082 coacti,
1092 1045 1258 1076 barbaros

419 1090 488 1121 suis
503 1100 521 1120 e
535 1089 662 1120 finibus
677 1088 890 1130 pepulerint;
919 1098 981 1119 nec
995 1098 1103 1125 mora,
1116 1088 1255 1129 frugum

419 1133 529 1174 copia,
552 1132 700 1167 luxuria,
723 1131 933 1172 pestilentia,
956 1133 992 1162 et
1013 1132 1256 1162 exterminium

419 1176 532 1216 gentis
548 1178 706 1206 secutum
722 1175 768 1205 sit
803 1199 809 1205 .

376 1242 427 1274 Ut
441 1243 593 1273 invitata
608 1241 820 1273 Brittaniam
833 1250 916 1281 gens
930 1239 1131 1281 Anglorum,
1147 1240 1256 1281 primo

423 1285 564 1325 quidem
576 1284 791 1315 adversarios
802 1283 936 1323 longius
947 1283 1085 1314 eiecerit
1095 1294 1103 1319 ;
1117 1283 1178 1314 sed
1189 1293 1257 1314 non

421 1328 533 1358 multo
546 1330 624 1368 post
635 1328 754 1357 iuncto
772 1336 851 1357 cum
867 1326 920 1357 his
935 1325 1084 1364 foedere,
1094 1326 1130 1356 in
1147 1326 1256 1356 socios

420 1381 517 1401 arma
533 1370 678 1401 verterit
694 1370 725 1408 [⁴2
741 1369 821 1408 447]

376 1436 427 1468 Ut
461 1438 646 1468 Brettones
679 1436 828 1477 primam
860 1435 902 1467 de
934 1438 1037 1475 gente
1068 1435 1259 1476 Anglorum

421 1480 615 1515 victoriam,
633 1479 718 1510 duce
734 1478 915 1509 Ambrosio
933 1478 1092 1509 Roma-no
1106 1477 1256 1514 homine,

420 1523 630 1564 sumpserint
648 1523 678 1561 [¹2
695 1522 774 1561 500]
803 1545 810 1553 .

377 1589 427 1621 Ut
442 1589 633 1620 Germanus
647 1589 828 1630 episcopus
841 1598 920 1619 cum
934 1587 1033 1628 Lupo
1047 1588 1257 1619 Brittaniam

422 1633 601 1673 navigans,
629 1635 665 1662 et
692 1632 803 1672 primo
829 1640 944 1667 maris,
973 1634 1008 1661 et
1035 1630 1256 1671 postmodum

420 1675 685 1715 Pelagianorum
710 1676 957 1715 tempestatem
983 1673 1101 1704 divina
1127 1674 1257 1704 virtute

422 1718 596 1748 sedaverit
612 1717 706 1756 [429]

377 1784 427 1816 L't
460 1785 552 1815 idem
588 1783 696 1814 filiam
734 1782 867 1814 tribuni
905 1792 1043 1813 caecam
1075 1782 1255 1813 inlumina-

424 1828 525 1861 verit,
550 1837 588 1857 ac
612 1826 736 1857 deinde
756 1825 802 1856 ad
817 1828 976 1856 sanctum
993 1824 1165 1855 Albanum
1183 1835 1255 1864 pcr-

426 1870 578 1904 veniens,
592 1869 754 1909 reliquias
765 1868 894 1899 ibidem
906 1870 942 1898 et
957 1867 1063 1909 ipsius
1075 1868 1256 1907 acceperit,

425 1915 462 1943 et
499 1912 681 1942 beatorum
719 1910 968 1951 apostolorum,
1005 1910 1078 1941 sive
1117 1909 1262 1940 aliorum

425 1958 620 1996 martyrum
637 1953 790 1996 posuerit
805 1953 898 1993 [429]
914 1975 924 1985 .

1321 744 1363 773 54

1324 1175 1365 1205 64
