1473 2322
463 144 574 180 THE
609 143 791 181 VENER
797 144 940 181 ABLE
977 144 1124 182 BEDE

203 245 356 295 aliquot
395 246 600 282 mensibus
640 245 884 283 nobilissime
922 248 1069 283 tenuit.
1123 246 1199 283 Hic
1239 248 1388 296 primus

200 312 343 348 regum
366 298 589 348 Anglorum
611 301 653 336 in
674 305 763 336 toto
784 312 910 349 regno
932 313 1003 336 suo
1025 299 1131 337 idola
1151 299 1323 350 relinqui
1345 313 1390 337 ac

202 353 369 397 destrui,
418 352 535 389 simul
584 358 627 390 et
673 355 867 390 ieiunium
916 353 1186 403 quadraginta
1233 354 1389 391 dierum

202 407 404 443 observari
426 406 635 456 principali
658 409 902 444 auctoritate
925 409 1146 457 praecepit.
1192 406 1315 453 ‚Quae
1339 421 1390 444 ne

202 459 318 497 facile
344 473 367 496 a
391 462 581 509 quopiam
606 466 743 510 posset
767 462 986 505 contemni,
1010 463 1051 497 in
1076 467 1392 510 transgressores

202 514 344 563 dignas
369 519 412 551 et
435 519 716 563 competentes
740 516 971 564 punitiones
994 517 1215 564 proposuit.
1269 514 1392 552 Cuius

203 567 283 603 filia
305 567 599 617 Earcongotae,
620 573 667 604 ut
688 568 887 617 condigna
907 571 1067 618 parenti
1089 567 1260 612 soboles,
1280 581 1394 617 mag-

203 635 344 657 narum
387 621 466 658 fuit
508 624 619 670 virgo
662 624 873 666 virtutum,
915 624 1090 659 serviens
1134 622 1309 659 Domino
1351 624 1391 658 in

202 677 447 712 monasterio
470 675 579 724 quod
601 677 641 711 in
663 677 829 724 regione
853 675 1094 712 Francorum
1117 680 1391 712 constructum

204 734 267 766 est
293 729 343 765 ab
369 729 573 765 abbatissa
598 728 856 773 nobilissima,
880 728 1074 766 vocabulo
1101 728 1215 774 Fara,
1240 732 1281 766 in
1304 727 1392 766 loco

204 785 272 832 qui
310 783 456 819 dicitur
494 782 542 818 In
579 781 712 832 Brige.
767 782 871 819 Nam
911 796 958 820 eo
997 788 1181 832 tempore
1219 782 1391 820 necdum

203 835 340 873 multis
363 838 404 872 in
427 838 592 885 regione
617 834 841 886 Anglorum
864 839 1117 874 monasteriis
1141 839 1394 881 constructis,

204 889 320 926 multi
342 889 393 927 de
415 889 614 926 Brittania
634 889 893 927 monachicae
915 892 1226 928 conversationis
1248 892 1393 939 gratia,

206 943 448 980 Francorum
468 942 531 980 vel
553 942 773 980 Galliarum
793 946 1037 981 monasteria
1057 944 1167 981 adire
1187 943 1393 988 solebant3

205 997 276 1035 sed
293 1002 334 1035 et
350 996 448 1034 filias
464 1010 554 1034 suas
572 997 723 1035 eisdem
739 997 994 1042 erudiendas,
1010 1011 1055 1034 ac
1069 1010 1214 1047 sponso
1229 997 1393 1035 caelesti

205 1050 448 1100 copulandas
470 1052 715 1095 mittebant3
751 1053 927 1089 maxime
950 1054 991 1088 in
1012 1051 1132 1101 Brige
1156 1057 1199 1089 et
1219 1053 1261 1088 in
1283 1051 1394 1096 Cale,

207 1111 248 1142 et
276 1108 316 1142 in
343 1103 589 1154 Andilegum
616 1107 883 1142 monasterio:
925 1107 1031 1143 inter
1059 1118 1157 1155 quas
1186 1110 1274 1143 erat
1300 1104 1393 1143 Sae-

206 1158 342 1209 thryd,
356 1158 435 1195 filia
449 1161 582 1196 uxoris
596 1158 741 1196 Annae
754 1161 860 1208 regis
875 1157 1143 1196 Orientalium
1156 1157 1394 1209 Anglorum‚

206 1215 316 1249 cuius
342 1226 461 1262 supra
487 1214 757 1257 meminimus,
784 1218 827 1250 et
864 1211 944 1249 filia
981 1212 1174 1250 naturalis
1213 1213 1393 1251 eiusdem

207 1269 311 1317 regis
332 1266 574 1316 Aedilberg:
610 1279 714 1316 quae
735 1271 907 1316 utraque
928 1279 1018 1303 cum
1040 1272 1148 1304 esset
1165 1269 1394 1317 peregrina,

206 1335 302 1370 prae
326 1323 472 1358 merito
496 1322 707 1364 virtutum,
732 1321 912 1358 eiusdem
935 1323 1169 1358 monasterii
1192 1320 1394 1371 Brigensis

208 1380 270 1412 est
307 1375 511 1411 abbatissa
548 1376 782 1411 constituta.
856 1373 977 1411 Cuius
1014 1377 1120 1424 regis
1155 1374 1235 1411 filia
1266 1377 1394 1412 maior

207 1428 404 1475 Sexburg,
449 1441 549 1464 uxor
592 1427 879 1466 Earconbercti
921 1430 1027 1477 regis
1072 1428 1393 1473 Cantuariorum,

206 1482 349 1519 habuit
368 1482 489 1518 filiam
510 1482 821 1531 Earcongotani,
841 1482 891 1519 de
912 1495 991 1531 qua
1011 1495 1147 1519 sumus
1167 1482 1324 1520 dicturi.

258 1536 387 1573 Huius
413 1541 550 1573 autem
576 1538 738 1585 virginis
765 1536 854 1573 Deo
879 1536 1052 1580 dicatae,
1076 1535 1205 1573 multa
1229 1536 1394 1586 quidem

208 1591 258 1627 ab
284 1589 422 1627 incolis
447 1589 523 1626 loci
550 1588 654 1626 illius
681 1589 813 1626 solent
840 1602 963 1639 opera
986 1592 1182 1627 virtutum
1210 1595 1253 1628 et
1279 1592 1394 1640 signa

206 1643 487 1681 miraculorum
519 1657 647 1693 usque
681 1642 801 1681 hodie
835 1645 998 1680 narrari.
1052 1643 1203 1681 Verum
1237 1657 1307 1681 nos
1342 1644 1392 1682 de

206 1700 380 1734 transitu
416 1702 577 1734 tantum
614 1695 717 1734 illius
755 1710 834 1747 quo
871 1696 1061 1735 caelestia
1097 1711 1224 1747 regna
1259 1700 1393 1748 petiit,

252 1811 264 1830 ¹
288 1811 409 1842 Before
425 1811 558 1847 Easter‚
575 1810 690 1841 before
706 1809 897 1842 Chn'stmas
913 1809 982 1841 and
998 1810 1088 1841 after
1104 1810 1299 1842 Pentecost.

250 1854 262 1872 Ἰ
286 1853 685 1890 Faremofitier-en-Bn'e,
702 1853 775 1884 also
791 1852 899 1883 called
916 1852 1134 1884 Eboriacum.

250 1898 261 1914 ³¹
287 1896 396 1935 Kings
413 1896 482 1927 and
499 1896 663 1938 powerful
678 1906 768 1933 men,
784 1895 821 1926 in
836 1895 896 1926 the
911 1895 990 1927 ΑΒ.
1008 1896 1153 1928 version.

249 1938 261 1957 ⁴
286 1939 416 1971 Chelles
432 1949 515 1970 near
529 1939 638 1970 Paris.

252 1980 265 2000 ⁵
289 1981 643 2023 Andeley-sur-Seine.

250 2025 262 2042 ⁶
288 2025 306 2055 I
311 2036 346 2056 JJ.
364 2028 426 2056 not
441 2024 603 2066 adopted,
621 2034 685 2055 nor
699 2023 926 2065 illegitimate.

204 2079 274 2125 362
