1473 2322
409 153 521 191 THE
559 153 814 191 VENERAB
820 153 889 191 LE
927 153 1075 191 BEDE

626 300 742 337 CAP.
780 300 860 337 XII

158 395 207 432 Ut
227 394 385 431 Aednini,
402 409 468 445 per
490 394 659 432 visionem
681 394 865 444 quondam
885 394 953 431 sibi
973 394 1070 432 eia-Ii
1090 400 1272 432 ostensam
1291 393 1338 431 sit

472 457 521 494 ad
547 457 763 495 credendum
785 463 1017 508 provocatus.

204 552 316 589 HAEC
334 552 498 602 quidem
514 556 761 590 memoratus
776 565 883 602 papa
899 551 1123 590 Bonifatius
1140 552 1191 590 de
1208 550 1338 590 salute

153 618 256 667 regis
275 616 450 653 Aeduini
469 629 514 653 ac
532 618 666 667 gentis
683 618 821 666 ipsius,
837 616 964 654 literis
982 617 1145 667 agebat.
1199 615 1280 654 Sed
1297 620 1341 654 et

153 679 356 717 oraculum
381 679 556 718 caeleste
583 679 692 730 quod
714 679 772 716 illi
797 680 1000 730 quondam
1027 680 1207 718 exulanti
1233 680 1341 730 apud

153 743 406 781 Redualdum
432 757 570 794 regem
598 743 821 795 Anglorum
846 746 978 794 pietas
1004 744 1138 782 divina
1162 744 1339 782 revelare

153 808 320 858 dignata
346 812 421 852 est,
445 821 525 844 non
549 810 760 844 minimum
785 808 836 845 ad
860 808 1114 858 suscipienda
1138 807 1201 846 vel
1224 806 1341 845 intel-

151 870 315 922 ligenda
359 872 564 910 doctrinae
608 874 764 909 monita
807 870 992 909 salutaris
1036 885 1197 910 sensum
1242 873 1341 909 iuvit

153 935 268 973 illius.
324 935 425 973 Cum
456 949 551 987 ergo
581 936 739 974 videret
768 935 956 974 Paulinus
986 935 1197 974 difficulter
1225 949 1340 986 posse

154 999 445 1037 sublimitatem
487 1001 608 1036 animi
648 999 808 1050 regalis,
849 1000 902 1038 ad
940 999 1213 1038 humilitatem
1253 1002 1340 1037 viae

154 1063 351 1109 salutaris,
374 1068 417 1102 et
438 1064 736 1114 suscipiendum
757 1065 995 1115 mysterium
1017 1064 1195 1102 vivificae
1217 1066 1341 1101 erucis

154 1128 347 1173 inclinari,
366 1141 411 1165 ae
427 1141 500 1178 pro
517 1127 648 1166 salute
664 1128 784 1173 illius,
802 1127 918 1166 simul
937 1132 980 1167 et
996 1130 1131 1180 gentis
1148 1130 1211 1166 cui
1228 1141 1342 1179 prae·

155 1198 256 1238 erat,
281 1198 325 1232 et
348 1194 470 1231 verbo
496 1193 787 1231 exhortationis
813 1194 922 1244 apud
945 1194 1141 1239 homines,
1166 1198 1211 1232 et
1235 1194 1343 1244 apud

154 1258 328 1295 divinam
354 1260 553 1308 pietatem
579 1258 701 1295 verbo
728 1258 1022 1308 deprecationis
1049 1262 1213 1309 ageret3
1253 1262 1342 1295 tan-

154 1322 261 1367 dem,
286 1327 332 1359 ut
357 1321 568 1360 verisimile
594 1322 767 1367 videtur,
793 1322 932 1360 didicit
955 1324 997 1359 in
1022 1325 1178 1372 spiritu,
1204 1321 1311 1373 quod
1326 1322 1339 1346 ¹

155 1385 218 1424 vel
257 1385 375 1437 quale
416 1391 524 1424 esset
563 1385 767 1424 oraculum
805 1388 892 1438 regi
932 1387 1135 1437 quondam
1174 1386 1341 1425 caelitus

154 1454 373 1487 ostensum.
429 1448 513 1487 Nec
534 1449 681 1487 exinde
702 1448 858 1487 distulit
878 1451 974 1500 quin
994 1451 1183 1487 continuo
1203 1462 1341 1500 regem

155 1518 407 1552 ammoneret
446 1513 610 1564 explere
650 1518 802 1558 votum,
843 1513 952 1564 quod
989 1516 1031 1551 in
1069 1512 1228 1551 oraculo
1267 1506 1340 1551 sibi

155 1577 336 1616 exhibito
366 1591 409 1616 se
439 1577 642 1615 facturum
671 1579 924 1628 promiserat,
954 1580 987 1615 si
1016 1579 1209 1628 temporis
1237 1577 1341 1615 illius

155 1643 354 1680 aerumnis
379 1646 607 1692 exemptus,
631 1641 684 1679 ad
705 1643 820 1692 regni
842 1641 1006 1692 fastigia
1027 1643 1268 1692 perveniret.

205 1705 305 1743 Erat
347 1710 486 1744 autem
526 1705 730 1743 oraculum
771 1705 1010 1743 huiusmodi.
1065 1705 1167 1743 Cum
1207 1719 1341 1756 perse-

156 1774 307 1820 quente
328 1769 442 1806 illum
464 1769 701 1814 Aedilfrido,
724 1772 793 1820 qui
816 1773 912 1807 ante
935 1783 1029 1807 eum
1049 1771 1248 1820 regnavit,
1270 1783 1342 1820 per

155 1834 311 1871 diversa
351 1833 530 1870 occultus
569 1833 657 1871 loca
696 1833 761 1871 vel
799 1846 938 1885 regna,
977 1832 1106 1871 multo
1146 1845 1341 1870 annorum

154 1901 338 1948 tempore
383 1896 576 1948 profugus
621 1901 859 1948 vagaretur3
918 1896 1086 1935 tandem
1131 1898 1244 1935 venit
1289 1898 1340 1935 ad

597 1998 610 2018 ²
632 1997 687 2030 for
705 2002 737 2029 ut
755 1997 848 2038 quod,
866 1997 918 2030 Pl.

156 2076 227 2112 270
