1473 2322
424 145 535 182 THE
571 144 901 182 VENERABLE
935 145 1083 182 BEDE

164 248 330 286 Eadfrid
360 246 428 283 filii
456 248 561 297 regis
591 247 781 291 Aeduini‚
811 248 879 297 qui
909 247 1027 285 ambo
1058 249 1094 286 ei
1125 247 1231 285 exuli
1261 249 1346 285 nati

163 306 257 338 sunt
280 301 330 338 de
354 300 628 351 Quoenburga
651 299 732 336 filia
754 298 885 338 Cearli
907 302 1013 351 regis
1038 300 1293 338 Mei-ciorum.

213 354 414 404 Baptizati
435 358 529 390 sunt
550 358 733 403 tempore
755 358 952 403 sequente
975 358 1018 392 et
1039 353 1105 391 alii
1125 354 1240 392 liberi
1263 356 1347 392 eius

164 407 214 445 de
267 405 527 457 Aedssbergia
577 409 718 458 regina
768 408 984 457 progeniti,
1036 407 1253 452 Aedsshun,
1305 411 1349 445 et

164 459 407 511 Aedjlthryd
444 458 537 504 filia,
576 464 619 498 et
656 459 759 497 alter
797 459 898 497 filius
935 459 1142 505 Vuscfrea,
1179 474 1347 510 quorum

164 516 279 564 primi
300 513 424 550 albati
445 512 575 550 adhuc
593 515 699 564 rapti
719 517 813 550 sunt
832 513 883 551 de
903 512 978 550 hae
997 516 1094 558 vita,
1115 517 1158 551 et
1177 514 1348 551 Eburaci

164 570 205 604 in
246 566 413 605 ecclesia
453 565 612 617 sepulti.
666 566 901 615 Baptizatus
943 571 1006 604 est
1046 571 1089 604 et
1128 566 1206 604 Yffi
1247 566 1348 604 filius

165 619 328 664 osfridi,
357 620 429 658 sed
458 624 501 658 et
530 618 596 656 alii
624 619 776 657 nobiles
807 633 853 657 ae
881 622 982 670 regii
1010 622 1081 657 viri
1110 633 1190 657 non
1218 622 1347 670 pauci.

163 674 316 711 Tantus
344 677 482 710 autem
507 671 636 711 fertur
661 677 758 710 tune
783 672 906 711 fuisse
932 672 1063 710 fervor
1089 673 1182 711 fidei
1209 686 1255 710 ae
1281 673 1349 711 de-

165 727 355 765 siderium
378 726 525 763 lavacri
550 725 734 763 salutaris
760 730 884 777 gente
912 725 1350 776 Nordanhymbrorum,

166 784 212 818 ut
239 780 415 830 quodam
442 783 625 829 tempore
655 778 843 816 Paulinus
871 781 1035 817 veniens
1063 792 1155 816 eum
1182 793 1278 830 rege
1307 783 1351 817 et

165 835 305 884 regina
343 835 384 870 in
424 832 558 869 villam
597 834 751 882 regiam
791 845 895 882 quae
936 837 1100 869 vocatur
1139 832 1350 883 Adgefrin,

166 889 334 937 triginta
360 899 431 923 sex
458 886 599 923 diebus
627 886 777 923 ibidem
804 898 895 922 eum
923 887 979 923 eis
1007 885 1280 923 catechizandi
1308 890 1351 923 et

165 939 399 990 baptizandi
421 939 547 976 officio
572 939 733 976 deditus
757 943 1003 983 moraretur3
1042 940 1185 989 quibus
1210 939 1351 977 diebus

166 995 318 1031 cunctis
345 1006 369 1029 a
394 1005 513 1030 mane
540 1005 666 1042 usque
687 992 739 1029 ad
759 1005 968 1041 vesperam
993 990 1049 1029 nil
1075 992 1184 1030 aliud
1210 997 1351 1043 ageret

167 1059 289 1097 quam
325 1044 597 1083 confluentem
635 1058 683 1083 eo
721 1045 772 1083 de
810 1047 963 1082 cunetis
1000 1045 1136 1082 viculis
1175 1058 1220 1083 ae
1256 1045 1351 1083 locis

166 1099 328 1150 plebem
348 1099 495 1137 Christi
513 1100 634 1137 verbo
654 1097 792 1135 salutis
811 1100 1023 1143 instruere,
1043 1103 1166 1149 atque
1185 1101 1352 1136 instruo-

166 1158 253 1191 tam
270 1155 311 1189 in
328 1152 447 1190 fluvio
466 1151 598 1196 Glem’‚
617 1154 684 1202 qui
702 1154 905 1201 proximus
924 1156 1025 1195 erat,
1042 1151 1198 1189 lavaero
1217 1154 1352 1190 remis-

167 1208 285 1244 sionis
298 1205 473 1244 abluere.
527 1205 639 1243 Haee
651 1203 742 1242 villa
752 1209 934 1254 tempore
945 1207 1201 1255 sequentium
1211 1218 1353 1256 regum

168 1260 343 1303 deserta,
366 1264 410 1297 et
431 1258 509 1296 alia
530 1272 602 1309 pro
622 1258 691 1295 illa
714 1262 776 1296 est
797 1257 907 1296 facta
927 1260 969 1295 in
989 1257 1076 1296 loco
1099 1261 1167 1309 qui
1189 1263 1353 1296 vocatur

171 1312 379 1351 Maelmin.

219 1366 332 1403 Haec
354 1365 519 1416 quidem
539 1367 581 1402 in
603 1367 805 1416 provincia
825 1365 1118 1411 Berniciorum3
1155 1366 1226 1404 sed
1249 1370 1292 1404 et
1312 1368 1354 1403 in

168 1421 370 1470 provincia
398 1418 628 1463 Deirorum‚
658 1420 726 1456 ubi
756 1422 913 1469 saepius
942 1433 1107 1458 manere
1136 1432 1227 1457 cum
1256 1433 1353 1470 rege

169 1472 338 1517 solebat,
358 1473 594 1522 baptizabat
614 1474 655 1509 in
675 1472 793 1509 fluvio
815 1472 976 1517 Sualua,
996 1475 1065 1523 qui
1085 1475 1215 1510 vicum
1236 1472 1354 1510 Cata-

169 1531 322 1563 tactam
367 1525 631 1576 praeterfluit.
687 1525 875 1563 Nondum
921 1528 1028 1564 enim
1073 1528 1247 1564 oratoria
1291 1525 1354 1563 vel

169 1581 408 1629 baptisteria
441 1581 482 1616 in
516 1581 602 1629 ipso
638 1579 802 1617 exordio
836 1581 1038 1617 nascentis
1073 1580 1128 1617 ibi
1163 1578 1354 1617 eeclesiae

170 1637 360 1683 poterant
396 1632 609 1670 aedificari.
664 1633 862 1670 Attamen
898 1635 939 1669 in
975 1632 1248 1682 Campodono,
1286 1634 1354 1670 ubi

170 1692 266 1724 tunc
282 1688 406 1723 etiam
420 1685 513 1722 villa
526 1687 639 1736 regia
653 1690 754 1729 erat,
769 1685 867 1723 feeit
880 1685 1097 1729 basilicam,
1112 1699 1234 1736 quam
1247 1691 1355 1735 post-

480 1798 491 1817 1
516 1797 703 1834 Plummer,
719 1797 769 1828 ΙΙ.
788 1798 863 1829 103.

478 1841 490 1859 ²
514 1840 663 1871 Yeverin
679 1840 716 1870 in
732 1839 910 1871 Glendale.

477 1883 490 1902 ⁸
514 1882 601 1914 Now
617 1882 800 1914 Bowmont
816 1883 946 1914 Water.

479 1926 492 1945 4
516 1925 557 1956 In
586 1925 647 1956 the
662 1925 765 1956 north
782 1925 818 1956 of
833 1925 948 1956 Deira.

478 1967 492 1987 ⁶
514 1967 701 2004 Catterick,
717 1977 801 1998 near
817 1967 1026 2000 Richmond.

479 2011 493 2030 ὅ
514 2010 628 2047 Slaek,
645 2020 728 2042 near
742 2009 999 2043 Huddersfield.

175 2082 244 2119 290
