1473 2322
401 150 511 188 THE
552 150 883 188 VENERABLE
920 151 1068 189 BEDE

141 259 313 298 aestate,
343 259 414 291 aut
443 253 603 291 stabula
630 252 804 292 fabricet
833 256 1046 291 iumentis:
1090 253 1243 291 nullum
1272 255 1327 292 ibi

145 331 290 382 reptile
322 331 446 369 videri
474 331 617 376 soleat,
646 331 777 369 nullus
812 334 945 369 vivere
980 345 1144 382 serpens
1173 331 1329 369 valeat:

144 423 235 446 nam
256 423 378 459 saepe
399 409 465 446 illo
487 409 538 446 de
559 409 759 447 Brittania
780 409 904 447 adlati
926 416 1149 460 serpentes,
1169 424 1263 447 mox
1283 416 1330 447 ut

152 490 408 537 proximante
435 490 551 525 terris
578 490 751 539 navigio,
771 488 892 525 odore
920 491 1021 525 aeris
1047 488 1150 525 illius
1177 488 1328 525 adtacti

141 566 305 610 fuerint,
327 568 556 603 intereunt:
594 568 691 616 quin
712 568 846 616 potius
869 568 1003 603 omnia
1024 579 1129 616 pene
1152 579 1256 616 quae
1278 566 1329 604 de

145 644 287 682 eadem
305 644 434 681 insula
450 649 546 681 sunt
563 650 704 682 contra
720 657 922 682 venenum
939 644 1086 681 valent.
1142 644 1330 694 Denique

143 723 310 760 vidimus
340 722 581 773 quibusdam
610 735 634 760 a
661 728 851 773 serpente
879 725 1090 773 percussis,
1118 735 1208 759 rasa
1235 722 1328 759 folia

142 801 324 838 codicum
348 803 416 851 qui
440 801 491 838 de
515 800 712 837 Hibernia
734 799 911 845 fuerant,
935 806 978 838 et
1000 802 1128 850 ipsam
1151 814 1330 837 rasuram

142 892 272 929 aquae
305 881 523 916 immissam
558 892 603 915 ac
635 881 749 928 potui
783 879 935 923 datam,
968 878 1116 915 talibus
1149 881 1330 928 protinus

143 963 274 994 totam
301 959 380 994 vim
408 959 553 994 veneni
578 959 812 1008 grassantis,
838 962 971 994 totum
998 956 1125 994 inflati
1158 959 1330 1006 corporis

143 1036 383 1072 absumsisse
421 1047 467 1072 ac
503 1034 665 1072 sedasse
703 1041 916 1072 tumorem.
973 1034 1096 1071 Dives
1133 1034 1246 1072 lactis
1285 1047 1330 1071 ac

140 1112 270 1150 mellis
305 1113 447 1157 insula,
483 1125 558 1150 nec
594 1115 800 1150 vinearum
837 1125 995 1163 expers,
1024 1115 1193 1162 piscium
1223 1112 1331 1150 volu-

142 1205 348 1242 crumque,
387 1191 460 1228 sed
492 1197 535 1228 et
573 1204 779 1228 cervorum
821 1203 1138 1241 caprearumque
1180 1196 1330 1228 venatu

139 1272 316 1320 insignis.
372 1269 485 1306 Haec
505 1275 644 1306 autem
664 1271 823 1319 proprie
843 1271 976 1319 patria
995 1268 1224 1306 Scottorum
1246 1274 1331 1305 est:

143 1349 194 1385 ab
230 1347 306 1385 hac
343 1349 507 1398 egressi,
544 1352 591 1384 ut
628 1347 816 1392 diximus,
853 1349 1017 1384 tertiam
1054 1349 1095 1383 in
1132 1346 1332 1383 Brittania

140 1426 400 1463 Brettonibus
422 1431 465 1463 et
486 1424 607 1462 Pictis
627 1430 795 1476 gentem
816 1425 1072 1462 addiderunt.

191 1504 266 1541 Est
285 1510 424 1541 autem
444 1506 551 1540 sinus
572 1506 691 1540 maris
711 1505 997 1553 permaximus,
1019 1504 1087 1553 qui
1107 1504 1332 1553 antiquitus

143 1587 310 1633 gentem
354 1581 595 1619 Brettonum
639 1594 663 1618 a
706 1579 828 1619 Pictis
872 1581 1125 1625 secernebat,
1169 1582 1237 1631 qui
1281 1580 1332 1617 ab

142 1660 352 1697 occidente
384 1662 426 1696 in
458 1665 585 1696 terras
625 1659 745 1709 longo
778 1660 909 1708 spatio
942 1660 1132 1708 erumpit,
1164 1658 1233 1694 ubi
1268 1663 1332 1695 est

142 1740 282 1775 civitas
318 1737 561 1774 Brettonum
598 1738 867 1773 munitissima
904 1748 1031 1786 usque
1069 1734 1188 1773 hodie
1227 1747 1332 1785 quae

144 1821 307 1853 vocatur
337 1814 538 1852 Alcluith:
585 1814 636 1852 ad
667 1816 780 1851 cuius
812 1813 1001 1851 videlicet
1032 1815 1139 1850 sinus
1171 1818 1330 1862 partem

140 1893 515 1944 septemtrionalem
541 1891 683 1936 Scotti,
710 1905 810 1943 quos
837 1892 1026 1935 diximus,
1053 1890 1329 1935 advenientes,

141 1972 216 2009 sibi
235 1970 367 2010 locum
387 1972 544 2021 patriae
564 1969 762 2008 fecerunt.

150 2081 195 2106 20
