1473 2322
436 147 546 184 THE
583 147 912 186 VENERABLE
949 149 1095 186 BEDE

174 255 197 272 “
218 250 257 288 Si
285 249 472 301 negavi‚'’
494 253 641 301 inquit,
658 256 682 274 ‘⁶
700 253 808 302 quod
828 252 1018 290 volebant
1038 254 1297 303 pauperibus,
1318 258 1362 292 et

175 310 309 350 oculos
330 312 474 350 viduae
497 318 734 362 exspectare
755 313 845 351 feci.
900 313 940 351 Si
962 315 1117 352 comedi
1139 315 1361 353 buccellam

174 387 308 411 meam
335 373 456 418 solus,
484 378 527 412 et
555 388 634 411 non
661 375 839 412 comedit
866 375 1040 425 pupillus
1062 389 1111 413 ex
1141 389 1201 414 ea.
1256 376 1362 423 Quia

175 436 226 472 ab
245 435 417 472 infantia
435 449 528 473 mea
546 438 672 473 crevit
692 449 850 473 mecum
871 439 1091 481 miseratio,
1111 442 1154 474 et
1173 437 1224 475 de
1245 442 1361 475 utero

173 499 313 535 matris
327 510 444 535 meae
459 510 621 548 egressa
636 502 699 535 est
713 497 914 535 mecum.'’

225 560 291 596 Ad
313 562 424 597 cuius
448 562 613 609 pietatis
638 564 680 597 et
702 562 883 598 iustitiae
907 573 1010 610 opus
1033 562 1215 610 pertinet
1238 563 1362 599 etiam

175 620 263 665 hoc,
292 621 400 670 quod
429 625 608 658 nostram
636 626 804 671 gentem
833 635 906 671 per
934 622 1233 671 praedicatores
1263 635 1362 673 quos

173 682 250 719 huc
290 683 452 726 direxit,
492 683 542 719 de
583 683 772 720 dentibus
813 685 968 733 antiqui
1008 683 1134 721 hostis
1175 686 1362 734 eripiens,

174 748 367 782 aeternae
409 743 610 781 libertatis
652 743 751 781 fecit
793 757 879 782 esse
922 747 1184 794 participem:
1251 748 1362 783 cuius

175 805 269 843 fidei
304 809 347 843 et
382 804 501 843 saluti
537 805 811 855 congaudens,
846 818 1049 855 quamque
1085 806 1208 856 digna
1241 805 1361 844 laude

172 866 473 910 commendans,
506 869 591 915 ipse
625 866 728 903 dixit
760 868 801 902 in
834 869 1087 916 expositione
1120 867 1231 904 beati
1266 867 1361 905 Iob:

171 934 193 950 ‘⁶
214 929 319 966 Ecce
335 928 474 978 lingua
490 927 730 972 Brittaniae‚
743 941 847 977 quae
862 927 916 964 nil
930 926 1040 966 aliud
1054 933 1222 967 noverat
1239 942 1361 979 quam

172 991 387 1027 barbarum
420 989 623 1034 frendere,
656 989 892 1026 iamdudum
925 991 965 1026 in
999 990 1141 1028 divinis
1175 989 1361 1028 laudibus

173 1052 407 1090 Hebraeum
439 1053 575 1101 coepit
605 1050 809 1088 ‘Alleluia
828 1050 836 1063 '
865 1065 1021 1090 sonare.
1090 1051 1195 1090 Ecce
1237 1065 1362 1102 quon-

172 1114 266 1151 dam
300 1113 496 1157 tumidus,
532 1115 611 1149 iam
647 1113 876 1151 substratus
910 1118 1143 1150 sanctorum
1190 1114 1361 1163 pedibus

172 1177 295 1213 servit
316 1188 504 1218 oceanus,
527 1177 694 1224 eiusque
717 1175 907 1213 barbaros
929 1180 1063 1213 motus
1086 1188 1186 1225 quos
1208 1177 1361 1214 terreni

172 1239 370 1287 principes
393 1236 582 1274 edomare
605 1235 710 1273 ferro
733 1238 1014 1285 nequiverant,
1037 1235 1108 1274 hos
1131 1249 1202 1285 pro
1225 1237 1360 1274 divina

171 1299 384 1337 formidine
410 1297 666 1335 sacerdotum
690 1309 761 1334 ora
786 1296 1032 1347 simplicibus
1060 1298 1191 1335 verbis
1217 1296 1362 1348 ligant,

173 1365 215 1399 et
253 1362 322 1410 qui
361 1363 543 1397 catervas
582 1361 853 1409 pugnantium
892 1358 1064 1397 infidelis
1103 1372 1362 1409 nequaquam

171 1425 391 1465 metueret,
415 1423 496 1457 iam
521 1433 627 1458 nunc
653 1419 781 1458 fidelis
808 1420 1017 1457 humilium
1042 1420 1200 1471 linguas
1226 1423 1358 1459 timet.

172 1485 277 1530 Quia
292 1486 400 1520 enim
414 1484 617 1532 perceptis
631 1481 874 1520 caelestibus
889 1483 1035 1526 verbis,
1048 1481 1361 1522 clarescentibus

172 1558 333 1596 quoque
383 1543 599 1588 miraculis,
648 1546 774 1581 virtus
825 1546 862 1581 ei
912 1544 1071 1582 divinae
1121 1546 1360 1594 cognitionis

171 1607 410 1650 infunditur,
441 1606 622 1643 eiusdem
653 1605 876 1643 divinitatis
906 1610 1060 1643 terrore
1091 1605 1360 1651 refraenatur,

171 1673 217 1705 ut
239 1681 361 1718 prave
386 1680 507 1717 agere
530 1671 705 1711 metuat,
729 1679 775 1703 ac
797 1668 895 1704 totis
919 1666 1129 1704 desideriis
1153 1667 1204 1704 ad
1228 1671 1360 1705 aeter-

170 1731 310 1767 nitatis
338 1731 512 1780 gratiam
541 1730 678 1766 venire
697 1727 996 1778 concupiscat.”
1052 1727 1208 1775 Quibus
1228 1729 1359 1767 verbis

170 1792 315 1829 beatus
338 1790 557 1841 Gregorius
579 1789 654 1827 hoc
677 1802 838 1840 quoque
861 1788 1056 1834 declarat,
1079 1792 1173 1840 quia
1195 1794 1358 1829 sanctus

171 1854 424 1904 Augustinus
463 1856 506 1889 et
543 1853 639 1889 socii
679 1853 778 1895 eius,
817 1864 897 1888 non
935 1850 1020 1888 sola
1057 1851 1358 1900 praedicatione

171 1915 398 1959 verborum,
413 1913 486 1951 sed
500 1915 626 1950 etiam
642 1911 878 1950 caelestium
894 1914 1123 1950 ostensione
1139 1914 1357 1963 signorum,

171 1981 339 2027 gentem
382 1974 606 2026 Anglorum
652 1974 703 2011 ad
748 1976 997 2024 agnitionem
1041 1975 1224 2012 veritatis
1267 1987 1357 2025 per-

172 2038 389 2076 ducebant.

179 2101 241 2148 196
