1473 2322
467 163 579 201 THE
615 162 946 200 VENERABLE
981 163 1128 200 BEDE

205 270 247 303 in
263 265 452 304 inferiora
469 265 705 310 deflectens,
723 266 824 304 vidit
842 267 955 316 quasi
974 264 1118 304 vallem
1135 266 1393 304 tenebrosam

205 325 347 361 subtus
368 337 411 362 se
431 326 472 361 in
491 326 571 361 imo
591 326 777 374 positam.
832 323 944 361 Vidit
964 330 1007 361 et
1027 330 1200 374 quatuor
1219 326 1332 374 ignes
1352 327 1394 361 in

207 397 314 429 aere,
347 397 428 421 non
459 383 589 421 multo
623 385 674 421 ab
707 386 877 422 invicem
910 387 1040 434 spatio
1074 384 1284 422 distantes,
1338 384 1394 422 Et

205 445 458 493 interrogans
481 442 660 493 angelos,
682 445 751 493 qui
774 449 911 481 essent
933 442 971 479 hi
996 446 1124 493 ignes,
1147 443 1300 481 audivit
1321 442 1393 481 hos

206 516 293 541 esse
327 505 441 554 ignes
475 505 544 554 qui
576 503 773 540 mundum
807 503 1098 541 succendentes
1133 509 1270 541 essent
1301 517 1394 541 con-

206 566 416 614 sumpturi.
472 563 611 601 Unum
636 563 850 608 mendacii,
876 576 967 600 cum
994 562 1069 601 hoc
1096 563 1204 614 quod
1229 566 1270 601 in
1296 564 1392 614 bap-

205 626 324 661 tismo
344 624 632 661 abrenunciare
653 636 723 660 nos
743 621 919 661 Satanae
940 628 983 660 et
1002 624 1186 660 omnibus
1207 624 1393 673 operibus

205 686 290 722 eius
308 686 576 734 promisimus,
595 685 760 720 minime
780 681 1015 733 implemus:
1051 682 1223 721 alterum
1243 684 1394 733 cupidi-

204 745 315 788 tatis,
341 756 433 780 cum
458 742 599 780 mundi
625 743 784 780 divitias
812 745 937 779 amori
962 742 1200 780 caelestium
1225 756 1393 793 praepo-

205 806 358 840 nimus:
413 805 582 841 tertium
623 802 893 847 dissensionis,
934 815 1027 839 cum
1068 805 1221 840 animos
1261 805 1394 853 proxi-

205 875 376 906 morum,
405 864 531 900 etiam
559 864 600 898 in
631 865 887 911 supervacuis
921 862 1042 900 rebus
1076 861 1280 900 offendere
1313 876 1393 900 non

204 921 487 959 formidamus:
536 926 727 971 quartum
760 923 997 971 impietatis,
1031 934 1122 958 cum
1158 921 1393 961 infirmiores

204 980 389 1031 spoliare,
418 987 461 1018 et
489 982 545 1018 eis
573 979 757 1018 fraudem
784 979 919 1018 facere
946 993 1018 1030 pro
1046 980 1169 1018 nihilo
1197 981 1391 1020 ducimus.

204 1040 441 1078 Crescentes
457 1053 551 1078 vero
566 1039 762 1090 paulatim
778 1043 891 1090 ignes
908 1053 1035 1091 usque
1052 1041 1104 1078 ad
1119 1043 1289 1079 invicem
1304 1042 1393 1081 sese

205 1100 494 1145 extenderunt,
541 1106 665 1150 atque
711 1102 752 1137 in
799 1103 1037 1138 immensam
1085 1100 1252 1138 adunati
1299 1107 1394 1139 sunt

205 1157 421 1197 flammam.
476 1158 659 1209 Cumque
680 1159 1084 1209 adpropinquassent,
1104 1162 1392 1210 pertimescens

204 1218 270 1257 ille
296 1219 394 1257 dicit
418 1217 585 1268 angelo:
625 1217 648 1231 “
667 1218 857 1263 Domine,
884 1232 976 1256 ecce
1001 1221 1104 1269 ignis
1128 1218 1225 1256 mihi
1252 1220 1393 1270 adpro-

204 1275 416 1327 pinquat.''
470 1277 528 1314 At
550 1275 640 1314 ille:
679 1276 701 1289 “
722 1276 842 1323 Quod
865 1290 944 1313 non
969 1276 1222 1322 incendisti,''
1247 1280 1392 1329 inquit,

205 1336 227 1349 “
246 1350 327 1373 non
343 1336 503 1373 ardebit
517 1338 558 1372 in
574 1341 640 1373 te:
670 1349 764 1372 nam
781 1338 857 1374 etsi
872 1336 1060 1374 terribilis
1076 1339 1152 1375 iste
1170 1350 1215 1374 ac
1230 1338 1392 1388 grandis

206 1409 293 1434 esse
332 1408 454 1446 rogus
492 1395 666 1441 videtur,
706 1401 847 1433 tamen
886 1398 1001 1433 iuxta
1040 1399 1187 1433 merita
1225 1409 1392 1446 operum

204 1455 380 1506 singulos
404 1457 633 1498 examinat;
672 1457 767 1505 quia
790 1457 1105 1505 uniuscuiusque
1129 1456 1327 1505 cupiditas
1351 1459 1391 1493 in

205 1514 279 1552 hoc
300 1516 395 1564 igne
419 1514 589 1551 ardebit.
643 1512 756 1551 Sicut
780 1516 886 1551 enim
911 1516 997 1563 quis
1022 1514 1139 1552 ardet
1162 1516 1202 1551 in
1225 1528 1391 1565 corpore

204 1586 277 1623 per
295 1572 488 1610 inlicitam
509 1572 776 1622 voluptatem,
795 1575 853 1609 ita
874 1572 1026 1610 solutus
1048 1586 1212 1623 corpore
1233 1574 1391 1612 ardebit

205 1646 277 1683 per
301 1632 482 1669 debitam
507 1630 722 1682 poenam.”
774 1631 888 1668 Tunc
912 1632 1011 1669 vidit
1037 1645 1161 1669 unum
1187 1633 1238 1670 de
1263 1634 1390 1671 tribus

206 1691 373 1741 angelis,
407 1693 475 1742 qui
509 1692 584 1728 sibi
617 1693 658 1728 in
691 1696 781 1728 tota
814 1696 986 1742 utraque
1021 1694 1170 1729 visione
1205 1692 1390 1731 ductores

206 1750 436 1795 adfuerunt,
457 1751 771 1800 praecedentem
791 1753 905 1801 ignes
926 1750 1112 1789 flammae
1134 1751 1327 1797 dividere,
1347 1757 1390 1790 et

206 1810 304 1847 duos
325 1811 376 1847 ab
397 1815 569 1860 utroque
588 1809 716 1848 latere
737 1809 1082 1854 circumvolantes,
1103 1811 1154 1848 ab
1175 1813 1327 1860 ignium
1346 1824 1390 1849 se

205 1867 381 1919 periculo
409 1867 643 1907 defendere.
697 1868 808 1906 Vidit
836 1874 974 1908 autem
1004 1875 1047 1907 et
1074 1869 1290 1907 daemones
1317 1883 1391 1920 per

251 1983 264 2002 ¹
288 1983 341 2015 i.e.
358 1982 458 2024 hugo.
505 1983 629 2024 Howqy
643 1983 674 2015 is
689 1982 761 2016 stin
776 1982 861 2015 used
875 1983 913 2015 in
927 1982 1196 2026 south-country
1211 1983 1364 2016 dialects.

251 2026 263 2044 ‘²
286 2025 337 2058 Cf.
357 2027 372 2057 l
391 2025 465 2058 Cor.
480 2025 530 2058 iii.
548 2027 601 2059 13.

206 2092 276 2126 420
