1473 2322
427 117 540 155 THE
575 115 904 154 VENERABLE
940 117 1087 155 BEDE

168 222 363 259 Dominus
390 233 433 258 se
460 220 624 270 quidem
649 222 846 264 innotuit3
887 219 959 258 sed
984 225 1122 258 tamen
1150 222 1205 258 eis
1232 225 1347 258 sacri—

168 275 344 313 ficiorum
365 287 457 311 usus
478 287 581 323 quae
602 273 759 311 diabolo
779 273 935 311 solebat
955 273 1159 317 exhibere,
1180 276 1219 310 in
1238 273 1349 311 cultu

167 331 326 379 proprio
356 329 586 371 reservavit,
615 332 662 364 ut
691 329 746 364 eis
776 329 816 363 in
846 340 917 364 suo
946 327 1135 364 sacrificio
1164 327 1350 364 animalia

168 381 373 419 immolare
394 383 666 430 praeciperet3
700 386 900 430 quatenus
919 393 985 417 cor
1004 386 1224 425 mutante8‚
1243 381 1351 418 aliud

169 436 220 473 de
253 434 443 472 sacrificio
477 436 726 477 amitterent,
761 433 868 470 aliud
902 436 1147 471 retinerent:
1195 439 1241 471 ut
1275 437 1351 472 etsi

169 492 255 538 ipsa
277 493 412 526 essent
435 486 622 524 animalia
644 500 748 537 quae
770 486 910 524 offerre
933 492 1237 532 consueverant,
1259 500 1352 525 vero

170 549 309 579 tamen
348 541 438 578 Deo
476 540 576 578 haec
615 546 658 577 et
695 553 775 577 non
814 539 927 578 idolis
965 540 1233 585 immolantes,
1270 543 1351 579 iam

171 595 359 633 sacrificia
385 596 472 644 ipsa
498 607 578 630 non
606 599 752 631 essent.
808 593 921 631 Haec
947 596 1070 644 igitur
1096 594 1352 633 dilectionem

172 656 283 686 tuam
308 648 515 698 praedicto
541 646 654 684 fratri
680 660 843 685 necesse
871 652 932 685 est
958 647 1104 692 dicere,
1130 653 1177 685 ut
1201 650 1286 697 ipse
1312 650 1353 685 in

171 703 373 753 praesenti
415 700 492 737 illic
533 703 685 750 positus
727 701 966 750 perpendat,
1008 701 1180 750 qualiter
1220 703 1354 738 omnia

173 756 322 794 debeat
353 755 595 804 dispensare.
652 754 763 791 Deus
794 760 838 792 te
869 753 1109 792 incolumem
1140 755 1353 799 custodiat,

172 809 426 847 dilectissime
451 807 517 844 fili.

223 862 244 875 “
262 862 371 899 Data
387 861 451 898 die
467 861 622 898 decima
638 862 777 910 quinta
792 859 1054 898 kalendarum
1067 861 1084 885 1
1104 889 1236 899 .....
1259 889 1268 906 ,
1283 864 1354 899 im-

170 921 339 966 perante
377 914 537 952 domino
574 919 710 950 nostro
750 913 945 950 Mauricio
980 913 1140 952 Tiberio
1177 916 1353 964 piissimo

172 970 358 1019 Augusto
378 981 482 1004 anno
497 967 652 1004 decimo
668 980 785 1010 nono,
802 973 893 1017 post
907 966 1158 1004 consulatum
1174 968 1354 1007 eiusdem

173 1023 322 1060 domini
343 1034 448 1059 anno
469 1020 623 1059 decimo
645 1027 800 1065 octavo,
821 1021 1038 1059 indictione
1061 1020 1245 1072 quarta.''

635 1294 749 1333 CAP.
788 1295 925 1333 XXXI

181 1383 230 1422 Ut
254 1382 496 1433 Augustinum
516 1395 585 1432 per
607 1381 760 1425 litteras,
782 1394 827 1418 ne
849 1381 893 1418 de
914 1380 1104 1419 virtutibus
1126 1381 1203 1419 suis
1221 1382 1359 1433 gloria—

574 1441 684 1480 retur,
712 1435 876 1472 hortatus
901 1435 960 1472 sit.

228 1522 317 1569 Quo
342 1524 384 1558 in
408 1527 591 1571 tempore
615 1523 724 1558 misit
749 1523 872 1558 etiam
897 1520 1124 1571 Augustino
1150 1522 1360 1571 epistolam

177 1589 297 1626 super
316 1574 514 1612 miraculis
536 1587 639 1624 quae
662 1587 733 1624 per
754 1587 846 1611 eum
867 1572 975 1611 facta
997 1587 1083 1612 esse
1105 1581 1360 1625 cognoverat,

176 1632 218 1666 in
233 1641 312 1679 qua
328 1642 434 1672 eum,
450 1642 500 1666 ne
516 1641 588 1678 per
603 1627 758 1664 illorum
773 1629 928 1677 copiam
942 1627 1162 1678 periculum
1178 1627 1360 1666 elationis

177 1685 412 1726 incurreret,
436 1681 496 1718 his
521 1682 651 1719 verbis
675 1680 880 1718 hortatur:

229 1734 252 1748 “
272 1734 374 1778 Scio,
412 1733 535 1772 frater
573 1736 787 1778 carissime,
826 1736 920 1784 quia
957 1736 1210 1784 omnipotens
1249 1734 1360 1773 Deus

178 1802 250 1839 per
276 1788 531 1826 dilectionem
558 1793 671 1825 tuam
691 1790 730 1824 in
750 1793 930 1838 gentem,
958 1800 1078 1837 quam
1105 1787 1196 1838 eligi
1223 1787 1360 1833 voluit,

178 1855 325 1893 magna
366 1841 555 1878 miracula
597 1841 796 1879 ostendit:
853 1840 960 1878 unde
1002 1853 1164 1878 necesse
1207 1846 1269 1879 est
1315 1847 1362 1879 ut

228 1951 241 1970 ²
262 1949 491 1990 Auqustarum
519 1953 613 1980 must
642 1947 683 1979 be
710 1947 879 1990 supplied,
925 1947 997 1980 The
1019 1946 1114 1981 MSS.
1137 1947 1247 1980 either
1274 1948 1361 1981 omit

182 2002 220 2024 or
235 1992 324 2023 have
340 1991 522 2026 Iuliarum,
541 1991 592 2023 Pl.

184 2053 250 2096 164
