1473 2322
424 123 536 161 THE
572 122 904 162 VENERABLE
939 123 1087 162 BEDE

165 229 346 277 citraque
393 227 641 271 desaeviens,
688 232 732 264 et
778 230 885 265 inter
925 227 1064 278 globos
1106 227 1348 265 flammantis

163 297 352 340 incendii,
397 295 595 334 incolume
641 296 946 334 tabernaculum
993 297 1100 347 quod
1145 297 1349 334 habitator

164 365 336 402 inclusus
359 365 559 409 servabat,
583 367 758 402 emicuit.
812 365 983 403 Exultat
1004 367 1124 403 turba
1145 366 1348 411 miraculo,

165 441 208 473 et
237 437 383 471 victam
412 447 455 471 se
496 434 638 471 divinis
668 435 883 472 virtutibus
923 435 1162 486 gratulatur.
1218 436 1348 472 Excu-

164 505 290 541 babat
323 504 464 541 diebus
498 516 544 540 ac
576 504 760 541 noctibus
794 509 889 542 ante
922 507 1129 555 tugurium
1163 507 1348 554 pauperis

165 572 305 623 vulgus
328 576 413 611 sine
436 585 625 617 numero3
661 572 702 610 hi
725 575 878 610 animas
901 587 1039 612 curare
1062 577 1285 624 cupientes,
1307 573 1347 610 hi

164 655 340 693 corpora.
397 642 551 680 Referri
567 649 777 693 nequeunt
793 656 898 693 quae
912 643 1091 681 Christus
1105 645 1348 694 operabatur

163 715 205 749 in
235 711 400 757 famulo,
431 714 499 762 qui
531 714 700 750 virtutes
731 711 908 750 faciebat
938 713 1138 750 infirmus:
1185 719 1228 751 et
1258 726 1346 750 cum

164 781 365 820 debilitati
407 794 504 818 suae
550 781 648 818 nihil
693 783 861 820 remedii
902 788 1113 833 pateretur
1154 781 1347 826 adhiberi,

165 852 340 901 quadam
367 856 487 889 nocte
515 852 758 889 candentem
786 854 910 889 niveis
940 853 1118 890 vestibus
1146 852 1247 889 vidit
1275 852 1347 889 sibi

165 921 306 959 adesse
352 933 579 971 personam,
616 933 721 971 quae
767 934 889 958 manu
933 927 1102 959 extensa
1148 923 1348 959 iacentem

165 990 369 1028 videretur
396 989 605 1034 adtollere,
634 1004 807 1041 eumque
835 993 1052 1029 consistere
1081 991 1202 1028 firmis
1230 993 1348 1029 vesti-

164 1062 238 1110 giis
252 1060 479 1110 imperabat
493 1072 501 1096 :
520 1065 612 1109 post
626 1073 746 1110 quam
760 1059 898 1097 horam
912 1063 970 1098 ita
983 1059 1133 1111 fugatis
1148 1060 1347 1098 doloribus

164 1132 317 1179 recepit
344 1131 555 1179 pristinam
582 1132 814 1174 sanitatem,
843 1135 888 1167 ut
916 1130 980 1168 die
1009 1130 1167 1167 reddito
1195 1132 1348 1168 itineris

166 1198 343 1237 laborem
362 1199 516 1236 subiret
534 1199 770 1249 intrepidus.

649 1345 765 1384 CAP.
801 1346 878 1383 XX

172 1431 221 1469 Ut
240 1431 349 1469 iidem
370 1431 530 1483 episcopi
549 1431 783 1469 Brettom'bus
801 1431 839 1469 in
854 1446 984 1483 pugna
1004 1432 1181 1470 auxilium
1198 1432 1350 1471 caeleste

398 1485 556 1530 tulerint,
576 1485 699 1536 sicque
716 1485 861 1522 domum
879 1485 1014 1523 reversi
1032 1486 1115 1523 sint.

216 1571 394 1609 INTEREA
417 1570 594 1609 Saxones
620 1570 802 1621 Pictique
826 1571 977 1609 bellum
1001 1572 1212 1609 adversum
1235 1571 1349 1610 Bret-

165 1647 282 1680 tones
332 1642 477 1678 iunctis
527 1641 676 1678 viribus
727 1646 1004 1690 susceperunt,
1056 1653 1154 1691 quos
1206 1641 1347 1679 eadem

165 1712 382 1749 necessitas
418 1712 460 1747 in
496 1715 627 1748 castra
663 1715 943 1748 contraxerat:
994 1715 1038 1748 et
1074 1723 1164 1748 cum
1201 1710 1347 1760 trepidi

169 1785 301 1830 partes
345 1792 436 1817 suas
481 1792 586 1829 pene
631 1781 789 1830 inpares
831 1778 1074 1828 judicarent,
1119 1785 1347 1817 sanctorum

167 1851 395 1887 antistitum
449 1848 641 1886 auxilium
693 1851 922 1898 petierunt:
990 1850 1058 1899 qui
1111 1851 1347 1898 promissum

165 1924 416 1956 maturantes
446 1919 679 1963 adventum,
714 1923 875 1956 tantum
911 1919 1149 1968 paventibus
1179 1918 1347 1956 fiduciae

166 1988 437 2033 contulerunt,
453 1993 500 2026 ut
515 1989 724 2026 accessisse
740 1990 937 2026 maximus
952 1987 1183 2026 crederetur
1199 1990 1346 2030 exerci-

167 2051 215 2089 38
