1473 2322
426 141 538 179 THE
574 140 904 180 VENERABLE
939 141 1087 180 BEDE

168 247 265 284 tutis
291 258 389 283 suae
416 249 615 294 tempore,
641 249 688 282 ut
714 245 845 283 verbis
872 247 995 295 ipsius
1020 245 1176 296 loquar,
1202 246 1351 284 crebris

166 308 361 344 viscerum
391 305 593 343 doloribus
622 307 890 351 cruciabatur,
919 306 1024 345 horis
1053 310 1352 358 momentisque

165 368 350 405 omnibus
379 366 509 404 fracta
537 366 733 404 stomachi
763 369 914 405 virtute
942 367 1203 413 lassescebat,
1230 368 1352 406 lentis

164 429 344 479 quidem,
380 428 453 466 sed
488 432 629 466 tamen
665 430 864 467 continuis
900 428 1081 467 febribus
1119 428 1349 467 anhelabat.

165 489 315 528 Verum
354 491 462 528 inter
501 488 616 534 haec,
656 490 754 527 dum
793 489 985 528 sollicitus
1025 495 1217 541 pensaret
1258 493 1353 541 quia

164 550 370 601 Scriptura
398 555 522 596 teste,
549 556 572 573 ‘⁵
594 551 735 590 Omnis
765 551 867 590 filius
891 555 959 602 qui
982 555 1189 603 recipitur,
1216 552 1353 603 flagel-

163 612 313 658 latur,'’
339 627 418 664 quo
442 613 556 651 malis
580 615 862 663 praesentibus
878 614 1015 653 durius
1035 615 1352 664 deprimebatur,

165 688 213 713 eo
233 675 285 713 de
305 679 474 713 aeterna
492 677 641 713 certius
661 678 991 726 praesumptione
1010 677 1249 726 respirabat.

215 736 329 775 Haec
348 736 512 787 quidem
532 737 583 774 de
603 736 820 774 immortali
841 739 925 775 eius
945 739 1026 775 sint
1046 737 1156 775 dicta
1174 739 1353 788 ingenio,

164 798 273 849 quod
310 811 387 836 nee
426 802 543 835 tanto
583 801 757 848 corporis
790 801 926 849 potuit
965 798 1102 837 dolore
1141 801 1351 850 restingui.

164 859 268 897 Nam
288 859 353 897 alii
374 859 538 910 quidem
557 859 768 909 pontifices
786 860 1065 898 construendis
1083 860 1353 911 ornandisque

164 935 260 959 auro
279 921 342 959 vel
360 926 530 972 argento
548 920 725 959 ecclesiis
742 935 907 972 operam
925 922 1101 960 dabant:
1133 921 1197 960 hic
1214 926 1354 961 autem

164 988 274 1021 totus
325 996 423 1034 erga
472 984 696 1020 animarum
744 982 856 1020 lucra
905 984 1089 1021 vacabat.
1144 983 1353 1034 Quidquid

163 1047 360 1095 pecuniae
387 1043 602 1089 habuerat,
628 1043 792 1083 sedulus
819 1043 894 1082 hoc
921 1045 1155 1095 dispergere
1183 1058 1229 1082 ac
1256 1045 1353 1084 dare

163 1106 408 1156 pauperibus
449 1106 633 1150 curabat,
675 1110 722 1143 ut
761 1108 918 1144 iustitia
959 1108 1044 1144 eius
1085 1110 1272 1145 maneret
1312 1109 1353 1144 in

164 1167 369 1206 saeculum
411 1166 576 1211 saeculi,
621 1171 664 1206 et
708 1181 831 1205 cornu
876 1170 961 1206 eius
1017 1167 1269 1207 exaltaretur
1311 1170 1353 1206 in

163 1229 314 1281 gloria3
346 1231 405 1266 ita
423 1233 470 1266 ut
487 1228 586 1267 illud
603 1229 714 1266 beati
735 1229 808 1267 Iob
826 1232 1024 1267 veraciter
1041 1229 1175 1268 dicere
1193 1235 1353 1280 posset:

162 1296 185 1313 ‘⁶
206 1292 326 1329 Auris
360 1290 528 1328 audiens
561 1290 824 1328 beatificabat
852 1304 933 1335 me,
967 1296 1009 1329 et
1043 1290 1179 1330 oculus
1213 1292 1352 1330 videns

165 1355 443 1392 testimonium
475 1352 675 1390 reddebat
705 1351 818 1396 mihi,
850 1352 960 1402 quod
989 1351 1224 1391 liberassem
1254 1367 1354 1404 pau-

164 1427 303 1464 perem
347 1413 638 1452 vociferantem
683 1418 726 1452 et
770 1413 968 1464 pupillum
1011 1416 1075 1452 cui
1119 1428 1200 1452 non
1244 1420 1353 1454 esset

165 1477 337 1514 adjutor.
391 1475 629 1513 Benedictio
652 1477 822 1525 perituri
846 1488 968 1525 super
989 1489 1056 1514 me
1080 1476 1285 1521 veniebat,
1311 1481 1353 1515 et

164 1552 231 1576 cor
259 1538 404 1575 viduae
434 1536 662 1576 consolatus
679 1551 794 1575 sum.
863 1537 1026 1575 Iustitia
1054 1538 1220 1575 indutus
1249 1552 1353 1583 sum,

165 1604 208 1638 et
225 1601 389 1637 vestivit
405 1613 471 1637 me
490 1601 595 1636 sicut
612 1601 857 1636 vestimento
881 1603 923 1637 et
942 1599 1189 1644 diademate,
1205 1600 1352 1638 iudicio

164 1675 268 1699 meo.
323 1659 474 1698 Oculus
495 1659 552 1697 fui
574 1673 709 1704 caeco,
731 1664 774 1698 et
794 1673 866 1710 pes
887 1659 1044 1698 claudo.
1099 1659 1222 1699 Pater
1242 1675 1352 1699 eram

165 1736 403 1773 pauperum,
418 1726 461 1760 et
474 1735 636 1760 causam
651 1735 773 1772 quam
787 1722 1032 1766 nesciebam,
1046 1721 1352 1773 diligentissime

164 1785 473 1835 investigabam.
528 1784 800 1821 Conterebam
846 1783 973 1822 molas
1020 1786 1161 1833 iniqui,
1208 1788 1252 1822 et
1300 1785 1351 1823 de

164 1847 355 1884 dentibus
373 1845 477 1883 illius
496 1845 732 1883 auferebam
743 1843 979 1895 praedam.'’
1033 1845 1087 1881 Et
1098 1844 1219 1894 paulo
1237 1850 1352 1896 post:

225 2004 237 2024 ¹
262 2003 368 2035 Hebr.
389 2004 439 2036 12.
456 2004 487 2037 6.
646 2004 659 2023 2
679 2002 749 2036 «Job
765 2003 816 2035 29.
837 2003 886 2036 11ἱ
1043 2003 1056 2024 ³
1079 2001 1148 2035 Job
1165 2003 1218 2036 31.
1236 2004 1288 2035 16.

167 2077 233 2111 194
