1473 2322
472 155 584 192 THE
619 154 950 192 VENERABLE
988 154 1136 193 BEDE

213 257 264 295 ad
304 257 525 296 utilitatem
564 257 790 308 legentium
830 260 1050 296 memoriae
1090 258 1399 296 commendans:

212 319 390 357 studium
416 318 605 358 videlicet
630 322 738 370 pacis
766 325 809 358 et
835 323 1028 365 caritatis,
1055 323 1330 358 continentiae
1357 325 1400 358 et

212 380 473 426 humilitati83
530 383 709 418 animum
749 384 832 419 irae
875 387 918 420 et
960 384 1151 419 avaritiae
1193 384 1400 427 victorem,

213 443 424 493 superbiae
464 443 580 480 simul
619 449 662 481 et
700 457 827 481 vanae
865 443 1017 494 gloriae
1055 449 1400 494 contemptorem3

212 505 451 542 industriam
501 504 675 543 faciendi
726 504 843 542 simul
894 512 937 543 et
987 505 1158 543 docendi
1208 505 1402 543 mandata

213 566 418 612 caelestia,
439 566 659 605 sollertiam
684 567 867 605 lectionis
896 573 939 604 et
966 567 1204 617 vigiliarum,
1232 569 1402 604 auctori·

214 634 344 666 tatem
376 629 586 666 sacerdote
626 629 790 679 dignam
829 629 1098 679 redarguendi
1130 630 1324 679 superbos
1356 641 1402 666 ac

214 696 420 741 potentes,
440 694 592 740 pariter
612 696 655 728 et
674 691 851 728 infirmos
871 690 1117 735 consolandi,
1139 704 1184 728 ac
1203 704 1402 741 pauperes

216 752 425 791 recreandi
475 752 539 790 vel
590 752 837 790 defendendi
888 751 1159 790 clementiam.
1214 753 1308 799 Qui,
1358 758 1402 789 ut

213 815 391 852 breviter
415 813 545 851 multa
570 813 924 864 comprehendam,
951 820 1148 865 quantum
1175 815 1226 851 ab
1254 817 1309 852 eis
1336 816 1403 864 qui

214 875 326 913 illum
364 889 511 913 novere
550 876 774 921 didicimus,
812 875 867 912 nil
907 889 957 914 ex
996 877 1180 913 omnibus
1220 889 1324 926 quae
1362 878 1403 912 in

215 936 471 987 evangelicis,
508 936 572 975 vel
609 936 836 988 apostolicis
874 940 957 975 sive
995 937 1240 988 propheticis
1277 937 1404 975 literis

215 999 400 1037 facienda
422 1004 680 1049 cognoverat,
703 1002 1047 1050 praetermittere,
1070 999 1143 1038 sed
1165 1004 1312 1037 cuncta
1333 1012 1405 1050 pro

215 1064 295 1099 suis
339 1062 486 1098 viribus
531 1062 718 1111 operibus
763 1060 927 1112 explere
971 1062 1151 1099 curabat.
1207 1061 1321 1099 Haec
1364 1063 1404 1098 in

216 1123 400 1173 praefato
427 1125 611 1161 antistite
637 1123 812 1160 multum
838 1122 1084 1174 complector
1111 1128 1153 1162 et
1180 1137 1285 1168 amo,
1312 1125 1405 1173 quia

217 1188 402 1222 nimirum
439 1184 540 1222 haec
577 1184 669 1223 Deo
705 1184 901 1235 placuisse
940 1199 1020 1222 non
1058 1185 1231 1235 ambigo.
1286 1183 1405 1232 Quod

217 1253 354 1285 autem
395 1246 544 1297 pascha
584 1260 665 1284 non
706 1260 778 1284 suo
819 1252 1003 1297 tempore
1046 1247 1301 1292 observabat,
1342 1245 1405 1284 vel

216 1311 451 1346 canonicum
488 1311 571 1346 eius
607 1314 769 1358 tempus
805 1312 1007 1359 ignorans,
1042 1309 1105 1347 vel
1140 1322 1237 1346 suae
1272 1311 1405 1359 gentis

218 1373 460 1408 auctoritate
499 1385 550 1409 ne
590 1373 775 1421 agnitum
814 1377 1052 1421 sequeretur
1091 1371 1287 1415 devictus,
1326 1383 1404 1408 non

219 1433 410 1483 adprobo,
444 1446 519 1470 nec
549 1432 683 1470 laudo.
739 1432 786 1470 In
821 1446 900 1483 quo
933 1438 1073 1471 tamen
1105 1432 1181 1470 hoc
1215 1432 1407 1483 adprobo.

219 1498 312 1546 quia
344 1497 385 1532 in
420 1493 692 1532 celebratione
727 1497 787 1532 sui
821 1494 995 1545 paschae
1029 1508 1110 1532 non
1145 1494 1254 1532 aliud
1287 1493 1404 1532 corde

218 1557 402 1602 tenebat,
435 1557 719 1602 venerabatur,
755 1561 798 1594 et
832 1556 1108 1607 praedicabat,
1142 1569 1264 1607 quam
1298 1554 1406 1606 quod

219 1632 304 1664 nos,
327 1618 369 1656 id
395 1624 471 1664 est,
496 1618 820 1668 redemptionem
845 1621 1005 1668 generis
1030 1617 1196 1655 humani
1220 1631 1294 1668 per
1318 1611 1406 1668 pas-

219 1683 386 1726 sionem,
438 1683 788 1725 resurrectionem,
842 1683 1116 1718 ascensionem
1168 1682 1209 1717 in
1275 1678 1406 1717 caelos

218 1743 451 1781 mediatoris
479 1742 561 1780 Dei
587 1748 631 1780 et
658 1741 867 1779 hominum
896 1741 1066 1779 hominis
1095 1742 1120 1780 J
1126 1755 1215 1779 esus
1245 1741 1406 1779 Christi.

220 1804 341 1842 Unde
359 1810 402 1842 et
418 1803 522 1842 hanc
539 1817 633 1850 non,
651 1810 697 1841 ut
715 1804 879 1854 quidam
897 1804 997 1842 falso
1015 1806 1245 1854 opinantur,
1263 1808 1406 1854 quarta

219 1867 377 1905 decima
399 1866 496 1904 luna
519 1868 561 1903 in
587 1865 769 1916 qualibet
799 1865 901 1904 feria
926 1879 1017 1903 cum
1042 1866 1219 1910 Iudaeis,
1244 1864 1317 1903 sed
1341 1864 1407 1903 die

220 1929 420 1967 dominica
435 1939 595 1977 semper
610 1927 775 1977 agebat,
791 1940 814 1963 a
829 1926 923 1963 luna
945 1931 1089 1976 quarta
1109 1925 1266 1963 decima
1281 1938 1408 1976 usque

221 1989 272 2026 ad
302 1990 557 2031 vicesimam3
596 1994 763 2037 propter
794 1987 916 2025 fidem
948 1986 1138 2024 videlicet
1170 1986 1406 2023 Dominicae

221 2087 292 2121 410
