1473 2322
437 126 549 163 THE
585 125 916 164 VENERABLE
950 126 1097 164 BEDE

176 240 323 272 versus,
351 240 516 277 sperans
533 227 549 251 1
576 229 679 264 sicut
705 229 746 264 in
780 240 851 265 sua
888 233 1013 279 gente
1050 235 1208 279 regnat,
1236 231 1293 266 ita
1321 235 1363 267 et

173 300 265 324 cum
286 286 444 324 Christo
465 289 506 323 in
527 285 663 324 futuro
685 299 943 337 conregnare.
998 287 1220 325 Benedicta
1240 290 1362 338 igitur

174 359 287 396 gens,
317 358 421 396 quae
450 345 576 382 talem
605 348 958 395 sapientissimum,
987 351 1030 383 et
1060 346 1138 383 Dei
1167 347 1362 384 cultorem

173 407 395 454 promeruit
416 404 566 441 habere
588 417 749 455 regem:
787 407 881 455 quia
913 418 993 442 non
1026 405 1153 442 solum
1175 408 1260 455 ipse
1284 406 1360 443 Dei

174 464 302 501 cultor
348 467 501 509 extitit,
547 464 620 501 sed
666 466 790 501 etiam
835 477 974 501 omnes
1020 465 1221 502 subiectos
1270 478 1361 502 suos

173 524 395 561 meditatur
423 523 489 561 die
519 536 565 560 ac
593 528 712 560 nocte
741 523 794 560 ad
823 522 944 561 fidem
972 522 1209 561 catholicam
1238 530 1361 574 atque

172 582 436 632 apostolicam
461 595 533 632 pro
559 595 655 619 suae
681 585 839 620 animae
864 583 1145 632 redemptione
1170 587 1359 627 converti,

171 641 271 688 Quis
294 644 402 679 enim
423 641 590 678 audiens
612 640 711 678 haec
733 643 883 686 suavia,
904 654 985 679 non
1005 642 1208 679 laetetur?
1263 642 1360 689 Quis

170 714 252 738 non
279 700 439 738 exultet
464 706 507 737 et
532 700 713 751 gaudeat
738 702 779 737 in
804 699 864 737 his
890 703 963 750 piis
989 701 1203 750 operibus?
1258 700 1361 748 Quia

168 766 215 797 et
249 773 348 811 gens
384 765 519 796 vestra
553 758 712 796 Christo
747 762 1016 809 omnipotenti
1052 759 1142 797 Deo
1176 760 1361 804 credidit,

172 819 391 856 secundum
418 819 641 856 divinorum
661 817 950 868 prophetarum
970 831 1100 864 voces,
1115 822 1217 857 sicut
1243 822 1361 871 scrip-

176 885 264 916 tum
284 884 347 916 est
369 881 410 914 in
429 878 555 915 Isaia:
587 884 596 900 ‘
617 877 665 914 In
683 878 747 915 die
766 877 831 914 illa
849 878 962 915 radix
992 879 1116 923 Iesse,
1135 881 1202 928 qui
1220 884 1303 916 stat
1319 882 1360 916 in

171 940 329 989 signum
367 937 620 987 populorum,
654 940 785 987 ipsum
818 943 963 988 gentes
1008 938 1358 988 deprecabuntur.'

172 998 226 1035 Et
254 1000 424 1034 iterum:
459 1003 468 1019 ‘
489 997 641 1034 Audite
662 996 829 1042 insulae,
850 1002 893 1034 et
913 997 1124 1035 adtendite
1144 997 1281 1048 populi
1308 998 1360 1037 de

170 1056 316 1107 longe!
372 1056 427 1093 Et
460 1061 552 1106 post
583 1056 813 1106 paululum:
859 1062 868 1079 ‘
888 1056 1061 1102 Parum:
1094 1059 1238 1108 inquit,
1269 1064 1277 1080 ‘
1298 1064 1360 1096 est

171 1122 216 1154 ut
246 1115 343 1153 mihi
374 1118 425 1153 sis
460 1129 596 1153 servus
628 1116 680 1154 ad
710 1116 960 1154 suscitandas
990 1117 1118 1154 tribus
1150 1118 1286 1162 Iacob,
1317 1124 1360 1155 et

169 1174 302 1212 faeces
354 1173 480 1211 Israel
529 1174 833 1211 convertendas.
890 1173 998 1211 Dedi
1048 1179 1090 1212 te
1139 1176 1181 1211 in
1230 1174 1359 1213 lucem

168 1236 367 1285 gentium,
382 1239 428 1270 ut
448 1236 499 1270 sis
513 1233 618 1270 salus
633 1245 725 1270 mea
741 1245 868 1283 usque
883 1233 935 1271 ad
956 1240 1183 1271 extremum
1197 1236 1357 1273 terrae.'

169 1294 223 1330 Et
280 1306 459 1330 rursum:
541 1299 550 1315 ⁴
570 1292 702 1343 Reges
759 1293 968 1338 videbunt,
1020 1299 1063 1331 et
1117 1301 1359 1345 consurgent

167 1355 381 1403 principes,
400 1357 444 1389 et
472 1352 725 1389 adorabunt!
780 1352 835 1389 Et
863 1358 955 1402 post
980 1352 1189 1402 pusillum:
1223 1360 1232 1376 ⁶
1253 1354 1358 1392 Dedi

168 1418 211 1449 te
226 1414 267 1449 in
282 1410 424 1449 foedus
439 1411 591 1461 populi,
606 1417 652 1449 ut
667 1414 879 1449 suscitares
896 1417 1060 1456 terram,
1077 1418 1120 1450 et
1134 1413 1358 1463 possideres

167 1471 442 1509 haereditates
461 1471 687 1520 dissipatas,
707 1477 749 1508 et
766 1471 919 1509 diceres
937 1471 997 1508 his
1016 1474 1083 1522 qui
1103 1475 1225 1510 vincti
1242 1479 1358 1513 sunt:

169 1531 335 1574 Excite3
384 1536 428 1568 et
461 1529 520 1567 his
557 1533 624 1580 qui
658 1533 699 1567 in
733 1531 926 1576 tenebris,
960 1531 1236 1570 Revelaminff
1303 1533 1358 1572 Et

167 1603 345 1627 rursum:
396 1595 405 1611 ‘
424 1589 512 1640 Ego
547 1589 743 1627 Dominus
787 1593 923 1628 vocaw‘
955 1597 999 1629 te
1042 1593 1083 1628 in
1115 1594 1281 1637 iustitia,
1315 1599 1358 1632 et

168 1649 416 1699 adprehendi
441 1662 606 1686 manum
630 1654 759 1694 tuam,
784 1655 827 1687 et
849 1652 1026 1694 servavi3
1065 1656 1108 1687 et
1132 1651 1225 1688 dedi
1250 1657 1293 1689 te
1316 1654 1357 1692 in

166 1709 308 1747 foedus
333 1709 483 1759 populi,
507 1711 549 1745 in
572 1708 704 1745 lucem
729 1711 928 1759 gentium,
953 1715 999 1747 ut
1024 1712 1198 1760 aperires
1224 1710 1356 1748 oculos

167 1781 390 1812 caecorum,
420 1774 464 1805 et
494 1768 686 1805 educeres
716 1769 767 1806 de
798 1768 1052 1807 conclusione
1082 1771 1274 1814 vinctum,
1304 1771 1355 1808 de

167 1829 285 1865 domo
315 1830 483 1865 carceris
517 1828 707 1865 sedentes
737 1830 778 1864 in
807 1829 1013 1867 tenebris.'
1077 1828 1195 1873 Ecce,
1227 1829 1355 1867 excel-

564 1912 577 1931 1
600 1912 668 1944 For
683 1923 822 1953 sperans
838 1916 884 1950 ut,
902 1913 953 1944 Pl.

214 2048 235 2083 6
370 2000 384 2020 ¹
408 2000 488 2030 isa-i.
506 2000 552 2032 xi.
572 2001 630 2037 10;
659 2000 743 2032 xlix.
762 2001 791 2040 1,
809 2001 840 2037 6,
860 2002 888 2039 7,
908 2003 944 2040 ὃς
975 2001 1046 2032 xiii.
1064 2002 1092 2039 6,
1114 2002 1142 2036 7,

163 2059 211 2093 49
