1473 2322
426 139 536 177 THE
575 139 903 177 VENERABLE
939 140 1087 178 BEDE

165 246 198 281 si
217 246 259 281 in
278 248 488 281 menstrua
507 244 799 281 consuetudine
821 243 873 281 ad
892 250 1190 282 sacramentum
1211 244 1350 282 Domi-

165 299 243 335 nici
265 299 439 346 corporis
463 302 506 334 et
528 299 733 347 sanguinis
757 298 949 335 accedere
972 311 1052 334 non
1074 304 1349 347 praesumant,

166 351 216 389 de
246 363 319 387 sua
346 355 459 388 recta
487 351 808 388 consideratione
836 350 1063 389 laudandae
1092 357 1209 395 sunt3
1253 351 1349 389 dum

166 417 259 441 vero
290 403 549 453 percipiendo
581 417 632 441 ex
662 403 874 454 religiosae
905 406 1013 442 vitae
1044 405 1349 450 consuetudine,

167 457 347 495 eiusdem
391 458 575 506 mysterii
615 470 751 495 amore
791 459 1016 507 rapiuntur,
1055 458 1350 507 reprimendae,

166 513 270 548 sicut
295 510 582 559 praediximus,
609 523 688 547 non
714 516 821 548 sunt.

220 568 243 585 ‘⁶
262 562 374 600 Sicut
418 566 525 601 enim
568 566 610 600 in
653 563 917 602 Testamento
971 567 1099 602 veteri
1150 567 1350 602 exteriora

167 630 290 666 opera
325 617 603 661 observantur,
639 620 698 654 ita
733 619 774 654 in
809 617 1074 655 Testamento
1113 631 1229 662 novo,
1268 631 1348 655 non

166 677 252 708 tam
287 671 395 720 quod
429 673 607 708 exterius
641 673 789 721 agitur,
823 684 945 721 quam
978 671 1019 708 id
1053 671 1161 721 quod
1182 674 1350 708 interius

166 726 383 775 cogitatur,
405 723 574 761 sollicita
598 726 825 762 intentione
854 720 1104 769 adtenditur,
1137 730 1183 762 ut
1214 724 1350 762 subtili

167 779 373 815 sententia
408 780 611 826 puniatur.
679 777 784 814 Nam
821 790 912 814 cum
948 777 1078 814 multa
1115 777 1202 815 Lex
1239 777 1352 816 velut

164 831 359 868 inmunda
385 831 630 868 manducare
657 829 894 880 prohibeat3
912 833 954 867 in
973 831 1194 882 Evangelio
1212 836 1351 869 tamen

169 884 367 921 Dominus
404 884 524 921 dicit:
577 884 585 897 ‘
605 884 695 921 Non
738 885 847 934 quod
892 886 1020 922 intrat
1066 887 1108 921 in
1147 898 1205 930 os,
1245 887 1352 922 coin-

168 940 312 988 quinat
350 936 578 981 hominem;
632 937 704 974 sed
744 950 849 987 quae
889 943 1042 975 exeunt
1083 938 1134 976 de
1169 952 1252 983 ore,
1285 938 1353 975 illa

171 997 266 1028 sunt
301 1004 405 1041 quae
440 993 703 1041 coinquinant
746 990 979 1029 hominem.'
1049 992 1188 1041 Atque
1232 991 1352 1042 paulo

173 1050 265 1094 post
297 1045 468 1082 subiecit
514 1057 742 1094 exponens:
803 1044 893 1081 ‘Ex
925 1044 1044 1082 corde
1090 1051 1244 1083 exeunt
1288 1059 1352 1083 co-

169 1100 387 1149 gitationes
424 1096 585 1136 malae.'
652 1098 734 1135 Ubi
782 1099 958 1136 ubertim
1005 1099 1228 1136 indicatum
1276 1104 1353 1143 est,

169 1154 264 1202 quia
297 1151 396 1189 illud
431 1152 481 1188 ab
517 1153 796 1201 omnipotente
832 1152 922 1189 Deo
956 1151 1155 1201 pollutum
1190 1165 1277 1190 esse
1311 1155 1352 1189 in

169 1219 291 1255 opere
337 1205 578 1249 ostenditur,
623 1205 732 1254 quod
777 1218 828 1242 ex
873 1205 1051 1254 pollutae
1097 1208 1352 1256 cogitationis

168 1258 303 1297 radice
335 1263 566 1308 generatur.
622 1258 743 1296 Unde
777 1257 924 1295 Paulus
956 1272 1118 1308 quoque
1150 1258 1352 1308 apostolus

170 1312 289 1349 dicit:
334 1312 341 1324 ‘
362 1311 509 1349 Omnia
537 1312 689 1349 munda
717 1312 891 1356 mundis,
920 1314 1186 1362 coinquinatis
1215 1318 1353 1350 autem

170 1372 213 1403 et
236 1364 463 1402 infidelibus
485 1364 584 1402 nihil
607 1371 670 1402 est
692 1364 917 1402 mundum.’
973 1366 1112 1416 Atque
1134 1378 1228 1403 mox
1252 1367 1354 1403 eius-

170 1419 263 1456 dem
294 1431 456 1456 causam
484 1421 820 1469 coinquinationis
848 1419 1092 1456 adnuntians
1125 1419 1353 1470 subiungit:

171 1471 469 1522 ‘Coinquinata
504 1477 600 1509 sunt
635 1475 743 1510 enim
780 1477 824 1510 et
857 1485 972 1510 mens
1009 1486 1147 1510 eorum
1184 1478 1228 1510 et
1262 1486 1354 1510 con-

170 1525 367 1563 scientia.'
419 1524 460 1562 Si
491 1539 587 1576 ergo
619 1528 655 1563 ei
686 1526 797 1563 cibus
827 1526 1057 1563 immundus
1088 1539 1168 1563 non
1199 1531 1262 1564 est
1290 1528 1353 1563 cui

170 1592 284 1616 mens
307 1578 515 1616 immunda
536 1592 616 1616 non
638 1578 784 1617 fuerit:
820 1592 890 1616 cur
912 1579 1021 1629 quod
1042 1579 1193 1617 munda
1213 1585 1353 1618 mente

170 1632 314 1670 mulier
340 1646 390 1670 ex
416 1638 562 1670 natura
586 1635 755 1683 patitur,
781 1638 825 1671 et
848 1635 890 1670 in
914 1633 1213 1670 immunditiam
1237 1646 1355 1683 repu-

170 1686 310 1724 tetur?

223 1739 246 1753 “
265 1739 334 1776 Vir
362 1744 501 1777 autem
529 1752 619 1776 cum
647 1741 809 1789 propria
835 1741 1005 1790 coniuge
1033 1739 1248 1784 dormiens,
1279 1741 1354 1776 nisi

170 1792 276 1830 lotus
298 1806 417 1843 aqua,
438 1795 589 1831 intrare
611 1792 821 1831 ecclesiam
842 1806 922 1830 non
944 1793 1091 1837 debet;
1127 1792 1199 1829 sed
1220 1806 1354 1843 neque

300 1954 311 1973 1
337 1953 444 1994 Being
461 1953 490 1984 it
507 1963 588 1994 may
607 1952 650 1985 be
667 1963 767 1985 nuns.
971 1953 984 1972 ²
1007 1953 1108 1984 Matt.
1129 1954 1179 1985 15.
1200 1954 1251 1985 11.

297 1995 309 2013 ³
334 1996 434 2027 Matt.
455 1997 506 2028 15.
528 1997 579 2028 19.
972 1996 985 2015 ⁴
1009 1996 1075 2027 Tit.
1098 1997 1126 2027 1.
1148 1997 1199 2028 15.

177 2085 245 2118 140
