1473 2322
408 139 519 176 THE
556 139 662 177 VEN
668 139 887 177 ERABLE
922 140 1070 178 BEDE

632 291 750 329 CAP.
781 292 838 329 IV

157 378 206 415 Ut
241 377 464 415 Laurentius
499 391 579 414 cum
615 377 841 428 coepiscopis
879 378 958 416 suis
986 379 1127 417 Scottos
1161 379 1335 416 unitatem

253 437 403 468 sanctae
441 430 616 468 ecclesiae
655 430 814 468 maxime
853 431 891 469 in
928 432 1074 482 pascha
1113 431 1337 470 observando

250 484 354 535 sequi
373 483 564 528 monuerit,
583 489 617 521 et
635 490 674 522 ut
693 484 866 522 Mellitus
884 485 1030 523 Roman
1048 485 1197 523 venerit.

199 570 409 607 Suectssrr
438 571 669 621 Augustino
698 572 740 608 in
769 573 1047 621 episcopatum
1078 571 1336 616 Laurentius,

151 644 271 682 quem
297 633 383 682 ipse
410 632 556 669 idcirco
584 631 715 670 adhuc
741 635 878 671 vivens
916 633 1187 678 ordinaverat,
1213 647 1264 672 ne
1292 647 1335 671 se

150 693 343 731 defuncto
371 697 503 731 status
533 693 726 732 ecclesiae
755 698 842 732 tam
870 695 994 739 rudis,
1023 694 1087 733 vel
1117 695 1169 733 ad
1197 694 1336 732 horam

149 760 311 806 pastore
344 755 582 800 destitutus,
616 755 800 794 vacillare
833 759 1044 805 inciperet.
1100 757 1147 794 In
1181 769 1261 807 quo
1295 761 1338 794 et

150 816 382 866 exemplum
409 817 659 866 sequebatur
685 819 802 866 primi
829 820 1001 867 pastoris
1030 817 1238 863 ecclesiae,
1263 817 1338 855 hoc

150 882 227 923 est,
272 879 496 916 beatissimi
543 878 816 928 apostolorum
862 881 1051 929 principis
1099 879 1224 925 Petri,
1270 882 1338 930 qui

150 939 321 977 fundata
363 939 517 977 Romae
561 939 730 978 ecclesia
773 940 921 979 Christi
966 940 1221 979 Clementem
1263 942 1337 979 sibi

151 1001 378 1039 adiutorem
431 1000 750 1051 evangelizandi,
802 1001 920 1040 simul
974 1007 1017 1040 et
1069 1016 1337 1041 successorem

150 1076 402 1101 consecrasse
446 1062 697 1112 perhibetur.
763 1062 1007 1102 Laurentius
1053 1063 1338 1114 archiepiscopi

150 1125 278 1175 gradu
310 1127 465 1175 potitus
498 1127 775 1163 strenuissime
819 1125 1087 1164 fundamenta
1132 1125 1340 1177 ecclesiae,

151 1200 255 1237 quae
291 1185 482 1224 nobiliter
516 1188 623 1223 iacta
658 1187 773 1231 vidit,
809 1191 1090 1238 augmentare,
1126 1192 1251 1238 atque
1288 1188 1339 1225 ad

152 1248 378 1297 profectum
410 1247 538 1285 debiti
570 1247 768 1292 culminis,
800 1253 843 1286 et
874 1249 1013 1287 crebra
1046 1262 1142 1287 voce
1173 1253 1338 1287 sanctae

151 1309 458 1354 exhortationis,
480 1314 523 1347 et
543 1312 742 1347 continuis
764 1312 855 1360 piae
877 1312 1122 1360 operationis
1144 1310 1338 1361 exemplis

152 1370 371 1421 provehere
394 1372 562 1408 curavit.
617 1370 807 1421 Denique
829 1384 909 1408 non
931 1370 1060 1410 solum
1083 1385 1210 1410 novae
1234 1385 1338 1422 quac

152 1433 202 1472 de
220 1432 364 1484 Anglis
384 1437 472 1471 erat
491 1431 674 1477 collecta,
694 1432 887 1471 ecclesiae
906 1446 1043 1470 curam
1062 1433 1248 1484 gerebat,
1267 1434 1339 1472 sed

152 1500 195 1534 et
217 1500 402 1534 veterum
426 1494 651 1533 Brittaniae
675 1494 910 1539 incolarum,
934 1509 1090 1533 necnon
1115 1499 1158 1533 et
1182 1494 1338 1534 Scotto-

151 1570 239 1595 rum
274 1559 343 1607 qui
377 1556 616 1594 Hiberniam
649 1555 821 1594 insulam
854 1556 1080 1594 Brittaniae
1114 1559 1339 1607 proximam

151 1617 344 1663 incolunt,
398 1617 556 1669 populis
609 1617 855 1668 pastoralem
908 1618 1145 1668 impendere
1199 1618 1339 1656 sollici-

152 1680 336 1718 tudinem
387 1680 568 1717 curabat.
637 1678 845 1730 Siquidem
897 1679 964 1717 ubi
1017 1679 1247 1717 Scottorum
1298 1682 1338 1716 in

152 1741 337 1792 praefata
362 1743 539 1791 ipsorum
564 1743 710 1791 patria,
736 1741 938 1792 quomodo
964 1746 1007 1779 et
1031 1741 1272 1779 Brettonum
1298 1744 1338 1778 in

152 1807 239 1853 ipsa
263 1803 463 1840 Brittania
488 1805 614 1840 vitam
638 1816 684 1840 ac
708 1802 999 1853 professionem
1023 1805 1154 1841 minus
1180 1802 1339 1841 ecclesi-

153 1867 319 1903 asticam
363 1867 404 1902 in
448 1863 586 1902 multis
631 1878 719 1902 esse
762 1866 966 1915 cognovit,
1008 1866 1184 1902 maxime
1230 1864 1338 1914 quod

152 1925 324 1977 paschae
343 1925 659 1964 sollemnitatem
678 1939 757 1963 non
776 1939 848 1964 suo
867 1930 1051 1975 tempore
1070 1925 1338 1970 celebrarent,

151 1988 238 2033 sed,
259 1992 305 2025 ut
325 2001 446 2038 supra
466 1988 688 2032 docuimus,
709 2000 733 2025 a
753 1987 1074 2036 decima-quarta
1093 1986 1189 2024 luna
1210 2000 1337 2037 usque

152 2060 221 2095 218
