1473 2322
426 121 537 159 THE
574 121 609 158 V
610 121 904 159 ENERABLE
939 121 1087 159 BEDE

166 227 216 263 de
255 226 397 264 eodem
435 226 539 262 dono
577 225 739 263 caelesti
778 230 821 263 et
857 225 1038 263 timendo
1075 225 1268 277 gaudeaS,
1303 229 1349 264 et

166 287 378 338 gaudendo
431 289 702 337 pertimescas.
759 286 946 324 Gaudeas
999 286 1201 332 videlicet,
1254 288 1349 337 quia

167 348 387 399 Anglorum
411 350 567 386 animae
588 361 661 398 per
683 350 883 386 exteriora
903 347 1093 386 miracula
1116 348 1167 386 ad
1187 349 1350 387 interio-

166 423 252 447 rem
287 412 460 460 gratiam
496 410 806 460 pertrahuntur:
856 412 1116 460 pertimescas
1153 423 1261 455 vero,
1297 423 1350 448 ne

167 474 271 509 inter
292 474 406 522 signa
429 484 532 522 quae
557 472 672 516 fiunt,
694 471 872 509 infirmus
896 473 1051 509 animus
1079 474 1121 509 in
1148 473 1209 509 sui
1236 484 1351 522 prae-

167 536 393 583 sumptione
415 547 458 571 se
481 532 628 578 elevet,
650 539 694 571 et
715 533 822 572 unde
844 532 949 571 foras
971 535 1012 570 in
1034 532 1227 572 honorem
1248 532 1351 571 tolli-

166 600 245 639 tur,
274 595 367 633 inde
396 609 467 645 per
495 597 657 633 inanem
685 595 853 646 gloriam
881 598 988 632 intus
1018 596 1148 633 cadat.
1205 594 1351 634 Memi-

167 659 270 695 nisse
309 659 461 695 etenim
499 657 692 695 debemus
730 659 824 707 quia
861 656 1042 707 discipuli
1080 670 1171 694 cum
1204 657 1351 708 gaudio

166 731 190 756 a
222 718 520 768 praedicatione
553 719 785 763 redeuntes,
819 719 916 756 dum
949 718 1114 756 caelesti
1151 718 1350 769 Magistro

167 780 368 818 dicerent:
409 781 415 792 ‘
437 780 623 825 Domine,
648 783 688 817 in
712 782 873 818 nomine
896 785 968 817 tuo
992 782 1116 818 etiam
1140 780 1353 818 daemonia

168 843 280 879 uobis
312 843 493 880 subiecta
522 848 617 879 sunt
636 842 666 886 '3
697 844 877 892 protinus
909 842 1142 880 audierent:
1188 841 1196 854 ¹
1216 841 1351 880 Nolite

165 904 342 954 gaudere
371 917 490 953 super
517 903 606 948 hoc,
628 904 701 942 sed
720 907 853 954 potius
873 903 1051 954 gaudete
1073 906 1168 954 quia
1189 906 1353 941 nomina

167 971 299 1003 vestra
331 968 478 1016 scripta
510 971 605 1003 sunt
635 968 677 1002 in
709 964 846 1003 caelo.’
902 965 950 1002 In
981 968 1137 1015 privata
1169 967 1277 1004 enim
1310 971 1353 1004 et

166 1028 378 1077 temporali
394 1027 551 1066 laetitia
567 1033 748 1066 mentem
764 1033 983 1078 posuerant
1000 1030 1068 1078 qui
1085 1027 1136 1065 de
1153 1026 1352 1065 miraculis

166 1090 421 1140 gaudebant3
480 1089 553 1128 sed
595 1089 646 1128 de
690 1092 847 1140 privata
890 1090 942 1127 ad
985 1102 1254 1134 communem,
1297 1089 1349 1127 de

166 1151 377 1201 temporali
405 1151 456 1189 ad
483 1157 691 1190 aeternam
717 1151 916 1189 laetitiam
941 1156 1180 1189 revocantur
1207 1151 1350 1202 quibus

168 1213 333 1250 dicitur:
369 1213 377 1226 ⁴
399 1213 445 1250 In
465 1212 539 1250 hoc
559 1213 736 1264 gaudete
759 1215 852 1263 quia
871 1215 1033 1250 nomina
1053 1218 1187 1250 vestra
1206 1215 1353 1263 scripta

170 1281 263 1312 sunt
298 1277 339 1311 in
374 1273 511 1313 caelo.'
567 1274 657 1311 Non
693 1276 800 1312 enim
835 1287 972 1312 omnes
1010 1273 1128 1312 electi
1163 1273 1353 1311 miracula

168 1336 342 1380 faciuntj.
379 1337 451 1374 sed
472 1343 610 1374 tamen
635 1350 772 1374 eorum
795 1339 957 1373 nomina
980 1338 1158 1373 omnium
1179 1338 1221 1373 in
1243 1335 1353 1374 caelo

170 1403 369 1436 tenentur.
383 1399 594 1448 adscripta.
649 1397 841 1436 Veritatis
866 1399 1019 1436 etenim
1042 1397 1242 1447 discipulis
1263 1410 1350 1436 esse

169 1460 361 1510 gaudium
384 1474 461 1497 non
486 1460 624 1504 debet,
644 1462 718 1497 nisi
741 1460 792 1497 de
816 1473 863 1497 eo
885 1460 991 1497 bono
1014 1459 1122 1510 quod
1143 1472 1354 1497 commune

170 1536 261 1559 cum
287 1523 469 1559 omnibus
494 1521 661 1565 habent,
680 1527 723 1559 et
747 1524 789 1558 in
814 1534 893 1572 quo
919 1521 1041 1559 finem
1065 1520 1246 1559 laetitiae
1272 1534 1352 1558 non

171 1583 336 1621 habent.
391 1583 535 1622 Restat
556 1585 709 1634 itaque,
731 1582 857 1621 frater
875 1585 1090 1627 carissime,
1113 1588 1160 1620 ut
1177 1585 1284 1620 inter
1306 1596 1355 1620 ea

169 1658 271 1696 quae
309 1651 502 1695 operante
541 1645 715 1682 Domino
753 1647 930 1683 exterius
969 1643 1079 1689 facis,
1116 1657 1276 1694 semper
1311 1649 1354 1682 te

169 1709 334 1745 interius
359 1707 560 1745 subtiliter
583 1707 747 1751 iudices,
773 1719 819 1743 ac
847 1705 1048 1745 subtiliter
1071 1705 1287 1757 intelligas,
1311 1712 1354 1744 et

170 1772 430 1819 temetipsum
458 1771 544 1819 quis
571 1772 637 1813 sis,
665 1774 708 1807 et
735 1774 888 1819 quanta
913 1771 966 1806 sit
991 1770 1031 1806 in
1059 1767 1202 1806 eadem
1228 1773 1352 1818 gente

169 1834 312 1881 gratia,
353 1844 425 1881 pro
466 1833 576 1868 cuius
618 1832 873 1869 conversione
916 1832 1040 1868 etiam
1080 1828 1351 1867 faciendorum

170 1895 371 1943 signorum
396 1893 502 1930 dona
525 1894 752 1943 percepisti.
806 1892 861 1929 Et
885 1891 1080 1942 siquando
1105 1895 1148 1929 te
1173 1890 1353 1929 Creatori

587 1990 603 2012 ¹
625 1990 721 2023 Luke
741 1992 792 2023 10.
813 1992 865 2028 17,
884 1992 937 2023 20.

172 2045 239 2081 166
