1473 2322
452 166 562 203 THE
599 166 928 204 VENERABLE
963 166 1111 204 BEDE

190 271 231 304 in
251 268 337 304 loco
360 270 427 317 qui
449 268 595 305 dicitur
617 266 862 317 Inhrypum3
898 281 1020 317 quem
1040 266 1229 305 videlicet
1248 267 1377 304 locum

190 320 310 371 paulo
342 326 437 359 ante
470 323 526 358 eis
559 323 626 371 qui
658 320 817 359 Scottos
849 322 1124 371 sequebantur
1154 324 1195 358 in
1226 334 1378 371 posses-

190 377 343 412 sionem
359 378 592 412 monasterii
609 375 791 412 dederat.
845 374 926 412 Sed
943 377 1036 425 quia
1052 374 1107 411 illi
1123 375 1378 425 postmodum

191 429 289 466 data
324 429 398 466 sibi
433 431 612 478 optione,
647 431 774 479 magis
808 427 895 465 loco
930 429 1074 466 cedere
1110 441 1231 478 quam
1266 442 1379 466 suam

190 488 349 520 mutare
375 483 710 520 consuetudinem
737 481 941 527 volebant,
968 483 1082 520 dedit
1109 495 1202 520 eum
1228 481 1284 519 illi
1311 484 1380 532 qui

191 537 355 587 dignam
383 536 470 573 loco
500 542 542 574 et
563 537 787 574 doctrinam
816 535 1000 581 haberet,
1021 542 1064 574 et
1084 539 1221 573 vitam.
1275 535 1381 573 Ven-

192 596 280 628 erat
310 604 358 628 eo
386 596 571 640 tempore
600 590 874 640 Agssbemtus,
903 589 1226 628 Occidentalium
1259 589 1381 627 Saxo-

192 658 288 681 num
334 646 558 694 episcopus,
601 647 712 681 cuius
755 657 875 694 supra
917 646 1187 689 meminimus,
1231 646 1380 681 amicus

191 697 386 735 Alehfridi
421 700 541 748 regis,
577 703 620 735 et
654 697 809 735 Vilfridi
845 698 1018 743 abbatis,
1052 698 1104 735 ad
1137 699 1378 748 provinciam

192 751 632 802 Nordanhymbrorum‚
656 757 698 789 et
721 751 829 801 apud
852 765 920 789 eos
943 751 1175 802 aliquandiu
1199 752 1380 789 demora-

191 807 333 850 batur3
384 808 452 856 qui
489 808 613 844 etiam
649 805 877 850 vilfridum,
913 811 1057 855 rogatu
1094 805 1304 850 Alehfridi,
1340 808 1380 842 in

191 859 375 910 praefato
387 873 458 896 suo
471 861 715 896 monasterio
728 859 1011 909 presbyterum
1024 858 1133 897 fecit.
1189 859 1381 897 Habebat

192 920 329 951 autem
351 927 487 951 secum
510 916 594 962 ipse
617 914 900 962 presbyterum
922 915 1084 950 nomine
1106 912 1378 962 Agathonem.

194 968 311 1004 Mota
332 980 427 1017 ergo
448 968 501 1003 ibi
523 969 760 1016 quaestione
781 967 831 1004 de
853 966 1015 1016 pascha,
1036 965 1098 1004 vel
1120 972 1298 1011 tonsura,
1318 966 1381 1005 vel

193 1022 276 1058 aliis
298 1022 417 1058 rebus
440 1020 732 1064 ecclesiasticis,
753 1021 991 1070 dispositum
1014 1026 1077 1058 est
1098 1026 1144 1058 ut
1164 1023 1204 1057 in
1225 1034 1382 1058 monas-

191 1078 293 1113 terio
322 1075 430 1125 quod
457 1075 604 1112 dicitur
630 1074 926 1119 Strenaeshalc‚
954 1074 1062 1124 quod
1090 1077 1382 1124 interpretatur

191 1130 307 1167 Sinus
324 1129 429 1173 Fari,
442 1131 505 1165 cui
520 1134 618 1165 tunc
634 1128 730 1166 Hild
745 1129 951 1165 abbatissa
964 1128 1055 1166 Deo
1069 1128 1218 1166 devota
1232 1128 1382 1166 femina

191 1183 382 1233 praefuit,
415 1183 592 1232 synodus
626 1182 711 1220 fieri
747 1188 789 1219 et
823 1182 923 1220 haec
957 1185 1141 1232 quaestio
1174 1185 1381 1220 terminari

191 1237 373 1275 deberet.
417 1236 710 1286 Veneruntque
724 1235 790 1273 illo
804 1249 922 1286 reges
938 1237 1070 1281 ambo,
1086 1242 1203 1286 pater
1217 1236 1380 1275 scilicet.

192 1297 235 1329 et
254 1291 379 1334 filius3
414 1292 604 1340 episcopi,
624 1289 791 1327 Colman
820 1303 911 1327 cum
931 1289 1082 1328 clericis
1101 1293 1181 1327 suis
1201 1290 1251 1328 de
1271 1290 1382 1328 Scot-

191 1348 262 1389 tia,
276 1344 534 1395 Agilberctus
548 1357 638 1381 cum
653 1343 870 1394 Agathone
885 1350 927 1382 et
942 1344 1108 1382 vilfrido
1120 1344 1380 1395 presbyteris.

192 1399 360 1436 Iacobus
391 1404 434 1436 et
463 1397 667 1435 Romanus
697 1401 737 1435 in
767 1397 908 1435 horum
944 1404 1060 1447 parte
1100 1404 1238 1436 erant:
1283 1398 1380 1436 Hild

192 1454 396 1490 abbatissa
421 1465 512 1489 curn
539 1455 619 1489 suis
645 1454 684 1489 in
711 1457 827 1501 parte
853 1451 1097 1496 Scottorum,
1122 1454 1161 1489 in
1189 1465 1269 1502 qua
1294 1458 1382 1490 erat

192 1509 315 1544 etiam
346 1505 585 1544 venerabilis
615 1508 825 1556 episcopus
857 1505 984 1550 Cedd,
1013 1506 1249 1543 iamdudum
1279 1506 1381 1544 ordi-

191 1567 310 1598 natus
334 1574 357 1597 a
380 1559 543 1603 Scottis,
567 1565 613 1597 ut
636 1573 756 1609 supra
780 1560 1001 1604 docuimus,
1025 1562 1093 1610 qui
1118 1565 1160 1597 et
1183 1562 1380 1610 interpres

190 1619 231 1652 in
249 1628 297 1653 eo
310 1613 475 1652 concilio
489 1613 815 1665 vigilantissimus
830 1616 1040 1664 utriusque
1061 1616 1186 1664 partis
1208 1616 1377 1652 exstitit.

237 1789 249 1808 ²
272 1788 341 1829 Rip
344 1799 399 1819 on.

235 1832 247 1851 2
271 1831 309 1862 P.
328 1834 404 1864 357.

234 1875 246 1893 ³
269 1874 342 1905 The
353 1873 554 1915 etymology
577 1873 612 1904 of
635 1872 1200 1948 Str-enaeshalc.5St1-eanaeshalch,
1224 1874 1377 1917 Whitby,

189 1919 218 1949 is
235 1917 337 1949 much
354 1916 529 1958 disputed.
579 1917 645 1949 For
651 1917 754 1959 farus
770 1917 813 1949 cf.
833 1918 903 1958 p.5

235 1961 248 1981 ⁴
274 1960 307 1991 It
328 1970 397 1991 was
418 1969 438 1990 a
457 1959 640 2000 gathering
660 1959 696 1990 of
715 1958 759 1989 all
782 1959 884 1990 ranke
904 1959 938 1990 in
961 1958 1020 1990 the
1040 1958 1174 1990 Church
1195 1960 1337 1999 system,
1359 1969 1379 1989 a

190 2002 381 2035 Concilium
406 2002 558 2037 mixtum,
585 2002 619 2033 in
647 2001 757 2033 which
785 2001 844 2032 the
872 2002 953 2042 king
980 2001 1148 2043 presided,
1175 2001 1379 2032 introduced

191 2045 249 2077 the
268 2045 406 2086 subject
425 2045 460 2077 of
479 2044 671 2076 discussion
690 2044 760 2076 and
779 2045 1002 2086 pronounced
1019 2044 1081 2077 the
1099 2044 1250 2076 decision
1269 2043 1378 2075 which

192 2108 261 2154 462
