1473 2322
428 112 540 150 THE
576 112 906 150 VENERABLE
942 113 1089 150 BEDE

167 219 247 253 tus.
301 214 447 265 Itaque
465 214 691 264 apostolicis
709 214 876 252 ducibus
895 214 1075 252 Christus
1092 215 1295 252 militabat
1311 217 1352 252 in

168 282 319 316 castris.
374 279 559 317 Aderant
586 282 710 317 etiam
739 279 1071 330 quadragesimae
1104 278 1353 317 venerabiles

168 343 268 388 dies,
296 357 394 393 quos
421 343 684 394 religiosiores
705 344 904 381 reddebat
922 346 1153 393 praesentia
1171 343 1354 382 sacerdo-

167 413 271 452 tum,
283 410 324 444 in
339 413 502 445 tantum
517 413 564 445 ut
576 408 786 445 cotidianis
798 408 1163 458 praedicationibus
1176 409 1354 445 instituti

169 475 357 510 certatim
378 471 517 522 populi
541 472 592 510 ad
610 475 785 523 gratiam
803 473 1061 522 baptismatis
1081 472 1354 510 convolarent.

169 536 273 573 Nam
310 540 488 574 maxima
525 540 726 576 exercitus
763 537 982 575 multitudo
1020 537 1171 574 undam
1208 537 1354 574 lavacri

169 600 354 638 salutaris
378 604 564 651 expetiit,
589 607 632 639 et
657 601 823 640 ecclesia
848 602 898 639 ad
923 602 1030 639 diem
1054 603 1354 639 resurrectionis

170 665 407 703 Dominicae
432 665 640 703 frondibus
667 671 860 704 contexta
883 668 1149 716 componitur,
1170 672 1293 716 atque
1314 668 1354 702 in

169 730 430 780 expeditione
441 733 657 781 campestri
668 732 795 768 instar
806 721 979 768 civitatis
992 736 1168 780 aptatur.
1224 729 1356 767 Madi-

170 793 244 832 dus
276 795 523 844 baptismate
555 795 740 845 procedit
772 797 987 839 exercitus,
1021 794 1120 832 fides
1152 793 1284 832 fervet
1315 797 1355 831 in

169 858 332 908 populo,
361 865 405 897 et
432 862 651 898 conterrito
681 872 882 897 armorum
900 859 1114 909 praesidio,
1134 859 1356 896 divinitatis

171 928 412 973 expectatur
432 923 637 961 auxilium.
693 923 902 961 Institutio
924 923 987 961 vel
1009 922 1137 960 forma
1159 925 1356 960 castitatis

170 986 352 1025 hostibus
384 990 609 1033 nuntiatur,
642 990 710 1038 qui
743 990 951 1025 victoriam
984 990 1097 1038 quasi
1131 988 1182 1025 de
1214 989 1356 1025 inermi

171 1054 353 1090 exercitu
367 1058 664 1102 presumentes,
681 1053 896 1102 adsumpta
913 1052 1122 1090 alacritate
1139 1051 1356 1094 festinant3

172 1129 340 1166 quorum
374 1123 514 1154 tamen
548 1117 746 1155 adventus
781 1116 1057 1166 exploratione
1091 1119 1355 1167 cognoscitur.

173 1180 356 1231 Cumque
393 1195 557 1220 emensa
593 1181 865 1219 sollemnitate
902 1180 1092 1231 paschali,
1129 1193 1268 1219 recens
1305 1181 1356 1218 de

171 1245 329 1283 lavacro
348 1259 440 1295 pars
459 1245 590 1295 major
610 1248 810 1284 exercitus
833 1258 943 1282 arma
964 1258 1122 1295 capere,
1144 1250 1187 1283 et
1206 1244 1355 1296 bellum

173 1322 314 1359 parare
327 1315 522 1355 tentaret,
531 1310 756 1348 Germanus
768 1310 913 1348 ducem
925 1323 967 1348 se
980 1309 1119 1359 praelii
1132 1309 1357 1360 profitetur,

176 1374 290 1424 eligit
314 1375 540 1425 expeditos,
564 1376 820 1412 circumiecta
844 1377 1054 1424 percurrit,
1079 1379 1122 1412 et
1147 1388 1169 1412 e
1192 1376 1356 1424 regione

173 1451 254 1488 qua
288 1438 464 1476 hostium
496 1439 736 1489 sperabatur
769 1439 980 1483 adventus,
1015 1437 1159 1475 vallem
1192 1440 1357 1475 circum-

174 1501 313 1540 datam
353 1504 526 1541 mediis1
565 1503 770 1540 montibus
810 1506 1005 1540 intuetur.
1060 1502 1150 1549 Quo
1190 1505 1231 1539 in
1271 1502 1356 1540 loco

173 1580 321 1604 novum
349 1570 554 1618 componit
580 1570 817 1611 exercitum,
842 1569 929 1617 ipse
957 1567 1039 1604 dux
1067 1568 1249 1617 agminis.
1302 1565 1357 1603 Et

174 1632 255 1668 iam
285 1632 427 1670 aderat
454 1631 569 1670 ferox
597 1631 773 1669 hostium
801 1631 1035 1675 multitudo,
1065 1644 1186 1681 quam
1216 1631 1357 1679 adpro-

174 1698 370 1746 pinquare
407 1697 672 1734 intuebantur
709 1698 751 1732 in
789 1695 940 1732 insidiis
980 1697 1202 1732 constituti.
1254 1694 1354 1732 Tum

269 1792 282 1812 ²
305 1791 347 1823 In
361 1791 583 1825 Constantius
600 1790 707 1828 editi-s,
724 1790 834 1822 which
850 1791 944 1831 gives
960 1799 981 1821 a
997 1789 1110 1821 better
1124 1799 1229 1821 sense.

226 1901 239 1920 1
262 1900 383 1949 Before
412 1899 454 1932 he
484 1909 553 1931 was
582 1898 715 1949 bishop,
745 1897 933 1931 Germanus
972 1896 1041 1929 had
1079 1896 1163 1929 been
1201 1896 1291 1928 duke
1321 1897 1358 1930 of

180 1942 667 2017 Aellllssirtbargssrlegczoilzcdlgfre
683 1983 845 2025 baptism.

181 2048 228 2086 90
