1473 2322
453 123 563 160 THE
601 121 930 162 VENERABLE
966 124 1114 163 BEDE

207 225 293 262 feri¹
295 231 340 270 tt,
359 231 401 263 et
417 228 675 263 innocentem
693 226 794 264 falsa
810 229 944 276 opinio
961 241 1042 265 non
1058 228 1222 280 affligat.
1276 230 1388 268 Deus

206 285 249 316 te
269 278 510 316 incolumem
531 280 746 324 custodiat,
766 283 1088 319 reverentissime
1109 281 1247 320 frater.

258 331 407 369 “Data
419 332 484 370 die
497 333 653 370 decima
664 333 927 371 kalendarum
943 333 1172 379 Iuliarum,
1162 349 1290 386 imper
1293 342 1388 375 ante

206 385 367 422 domino
404 391 541 423 nostro
575 386 772 423 Mauricio
803 386 963 425 Tiberio
999 390 1175 437 piissimo
1203 390 1389 440 Augusto

206 452 311 475 anno
334 439 489 476 decimo
508 452 627 484 nono,
646 446 739 489 post
762 440 1014 478 consulatum
1040 442 1220 480 eiusdem
1239 442 1388 480 domini

206 505 311 528 anno
333 492 489 530 decimo
512 498 668 539 octav-0,
690 494 909 532 indictione
933 494 1120 545 quar.”ta

657 665 773 703 CAP.
810 667 947 703 XXIX

224 751 274 789 Ul
292 751 350 788 uh
342 765 385 788 m
408 751 614 802 Augustino
628 752 801 803 pallium.
821 758 855 789 et
873 753 1078 803 epistolam,
1098 759 1131 790 et
1145 754 1273 804 plures
1292 754 1390 792 zeri

621 806 807 843 ministros
824 806 974 844 miserit.

257 889 497 927 Pmmanm
523 892 631 928 idem
657 905 764 941 papa
789 892 1007 942 Gregorius
1032 894 1261 943 Augustino
1287 896 1389 943 epis-

207 958 320 993 copo,
350 947 445 995 quia
471 951 731 995 suggesserat
761 948 796 982 ei
825 945 996 982 multam
1025 947 1188 996 quidem
1218 947 1272 984 ibi
1302 960 1389 985 esse

206 1011 394 1042 messem,
421 998 493 1035 sed
521 1001 722 1048 operarios
750 1012 912 1048 paucos,
940 1002 1050 1036 misit
1078 1012 1169 1036 cum
1196 999 1389 1049 praefatis

206 1051 411 1100 legatariis
426 1054 506 1088 suis
521 1052 655 1101 plures
670 1058 965 1102 cooperatores,
981 1066 1026 1090 ac
1041 1053 1151 1090 verbi
1165 1055 1366 1091 ministros
1381 1067 1389 1091 t

206 1107 247 1140 in
271 1105 416 1154 quibus
438 1107 555 1154 primi
580 1111 623 1143 et
644 1108 850 1156 praecipui
873 1112 990 1144 erant
1014 1105 1212 1151 Mellitus,
1240 1106 1389 1152 Iustus,

207 1156 412 1203 Paulinus,
426 1158 661 1196 Rufinianus
674 1171 684 1203 ;
712 1164 755 1198 et
768 1173 841 1210 per
855 1173 922 1198 eos
935 1159 1180 1210 generaliter
1193 1162 1389 1206 universa,

207 1224 311 1261 quae
354 1211 407 1249 ad
447 1211 601 1249 cultum
644 1218 761 1250 erant
801 1225 848 1250 ac
888 1215 1156 1251 ministerium
1198 1213 1389 1252 ecclesiae

207 1267 445 1309 necessaria,
467 1278 562 1303 vasa
583 1265 772 1304 videlicet
792 1279 918 1311 sacra,
941 1272 984 1304 et
1006 1269 1250 1305 vestimenta
1271 1266 1389 1304 altar-

205 1321 303 1363 ium,
325 1324 564 1357 ornamenta
585 1332 746 1370 quoque
768 1319 1040 1365 ecclesiarum,
1063 1326 1106 1358 et
1126 1320 1390 1358 sacerdotalia

206 1372 270 1409 vel
300 1372 498 1410 clericalia
528 1373 781 1417 indumenta,
812 1379 1043 1411 sanctorum
1075 1376 1199 1411 etiam
1231 1380 1390 1424 aposto·

206 1425 334 1462 lorum
368 1438 414 1463 ac
445 1431 670 1476 martyrum
703 1426 906 1476 reliquias,
938 1440 1012 1465 nec
1044 1440 1125 1464 non
1158 1433 1202 1465 et
1233 1427 1389 1466 codices

205 1478 409 1528 plurimos.
464 1479 580 1517 Misit
609 1482 734 1518 etiam
762 1480 920 1518 litteras
948 1483 990 1517 in
1019 1481 1164 1530 quibus
1190 1480 1390 1531 significat

205 1546 249 1570 se
282 1535 319 1570 ei
350 1531 515 1582 pallium
547 1533 755 1578 direxisse,
785 1533 904 1571 simul
935 1539 979 1572 et
1008 1536 1187 1571 insinuat
1216 1534 1390 1585 qualiter

206 1588 413 1636 episcopos
428 1588 469 1623 in
485 1586 685 1624 Brittania
698 1590 946 1626 constituere
961 1588 1191 1632 debuisset3
1219 1600 1389 1639 quarum

206 1639 433 1677 litterarum
454 1642 532 1678 iste
554 1646 618 1678 est
638 1646 790 1679 textus.

258 1692 639 1731 “Reverentissimo
668 1699 712 1732 et
738 1696 989 1731 sanctissimo
1017 1693 1131 1731 fratri
1160 1694 1389 1745 Augustino

206 1749 442 1797 coepiscopo
463 1746 520 1784 Gi
523 1760 680 1798 egonus
701 1760 837 1785 servus
858 1760 1062 1785 servorum
1086 1747 1176 1785 Dei.

273 1799 400 1837 ‘Cum
421 1806 577 1838 certum
598 1803 651 1838 sit
670 1814 742 1850 pro
762 1803 1042 1864 omnipotente
1065 1800 1153 1838 Deo
1172 1800 1389 1838 laboranti-

207 1854 280 1891 bus
296 1853 514 1892 ineffabilia
530 1857 684 1892 aeterni
702 1857 817 1905 regni
832 1857 1013 1904 praemia
1028 1856 1244 1899 reservari3
1274 1854 1388 1892 nobis

320 2000 334 2020 ¹
358 2000 453 2033 Luke
473 2001 525 2034 10.
543 2002 576 2032 2.
851 2001 864 2020 ²
887 2000 1060 2032 Laurenee
1077 2000 1147 2032 and
1166 2000 1278 2033 Peter.

209 2068 225 2093 1
232 2057 278 2105 56
