1473 2322
441 143 552 180 THE
588 141 919 180 VENERABLE
955 140 1102 179 BEDE

181 248 381 286 fraternus
424 260 535 284 amor
574 245 711 284 multis
751 244 853 283 utile
893 244 1075 282 futurum
1115 243 1364 294 imponebat.

181 306 262 345 Sed
288 305 476 344 eumdem
499 305 661 349 librum,
685 304 886 354 quomodo
908 305 1024 341 iuxta
1045 302 1226 342 litteram
1248 301 1368 340 intel-

180 365 380 417 ligendus,
401 363 576 415 qualiter
596 364 648 401 ad
668 363 816 401 Christi
837 367 880 401 et
902 361 1095 400 ecclesiae
1114 365 1368 400 sacramenta

182 424 430 468 referendus,
443 437 522 474 quo
537 436 656 461 sensu
669 424 884 472 unicuique
898 421 1076 460 fidelium
1088 423 1142 459 sit
1153 421 1367 472 aptandus,

180 497 254 534 per
279 485 449 534 triginta
475 487 518 520 et
544 484 723 532 quinque
748 480 870 519 libros
898 482 1159 531 expositionis
1185 479 1369 517 miranda

181 545 337 580 ratione
376 541 600 592 perdocuit.
654 540 775 588 Quod
812 539 1002 578 videlicet
1039 553 1139 589 opus
1177 541 1220 576 in
1256 540 1370 590 regia

182 602 346 653 quidem
373 602 472 639 urbe
501 601 777 650 apocrisiarius
804 598 1022 643 inchoavit,
1049 599 1201 637 Romae
1229 602 1368 636 autem

181 664 262 698 iam
302 659 488 710 pontifex
529 659 661 697 factus
704 657 898 708 explevit.
953 657 1033 705 Qui
1075 671 1167 695 cum
1208 656 1368 695 adhuc1

183 724 291 759 esset
320 721 434 770 regia
464 721 505 755 in
536 719 636 756 urbe
667 720 838 768 positus,
868 721 1105 755 nascentem
1137 717 1193 754 ibi
1224 729 1369 754 novam

182 778 380 817 haeresim
409 778 459 815 de
488 781 600 815 statu
627 780 790 814 nostrae
818 777 1136 820 resurrectionis,
1164 788 1256 812 cum
1284 777 1370 825 ipso

183 851 233 876 ex
261 851 340 888 quo
367 841 456 874 orta
483 840 546 874 est
571 837 701 879 initio,
727 838 893 873 iuvante
919 849 963 873 se
989 837 1123 885 gratia
1147 833 1369 872 catholicae

183 898 380 941 veritatis,
426 897 596 933 attrivit.
650 894 859 945 Siquidem
904 893 1144 945 Eutychius,
1191 893 1372 931 eiusdem

182 956 291 994 urbis
314 957 523 1006 episcopus
545 954 850 1005 dogmatizabat
872 966 1014 1004 corpus
1036 957 1219 991 nostrum
1241 955 1282 989 in
1304 951 1372 988 illa

184 1016 483 1053 resurrectionis
528 1012 656 1064 gloria
699 1011 974 1063 impalpabile,
1019 1013 1150 1050 ventis
1195 1015 1371 1061 aereque

184 1074 368 1113 subtilius
391 1087 478 1112 esse
500 1072 706 1117 futurum;
742 1072 851 1123 quod
872 1071 938 1110 ille
961 1071 1143 1116 audiens,
1159 1074 1202 1109 et
1216 1073 1371 1108 ratione

185 1136 380 1178 veritatis,
407 1137 450 1171 et
476 1131 664 1182 exemplo
690 1132 914 1169 dominicae
940 1132 1258 1175 resurrectionis,
1283 1143 1373 1180 pro-

186 1195 296 1231 bavit
325 1193 400 1230 hoc
430 1192 579 1243 dogma
607 1190 858 1229 orthodoxae
889 1190 984 1228 fidei
1013 1190 1253 1228 omnimodis
1284 1202 1372 1227 esse

184 1255 441 1291 contrarium.
496 1250 704 1289 Catholica
746 1252 899 1288 etenim
941 1249 1040 1287 fides
1082 1249 1222 1294 habet,
1264 1248 1373 1299 quod

184 1326 326 1363 corpus
342 1315 524 1349 nostrum
540 1309 607 1347 illa
623 1308 939 1347 immortalitatis
955 1308 1082 1360 gloria
1098 1307 1373 1353 sublimatum,

185 1371 332 1411 subtile
358 1370 522 1422 quidem
547 1372 599 1408 sit
624 1383 697 1419 per
721 1368 910 1407 effectum
934 1367 1124 1419 spiritalis
1148 1369 1373 1418 potentiae,

185 1432 257 1470 sed
268 1429 469 1482 palpabile
482 1443 555 1480 per
567 1431 782 1467 veritatem
794 1433 965 1466 naturae
978 1440 988 1472 ;
1010 1430 1127 1465 iuxta
1142 1426 1372 1477 exemplum

184 1491 386 1529 Dominici
413 1491 601 1539 corporis,
628 1488 679 1526 de
706 1501 785 1539 quo
811 1501 835 1525 a
860 1489 1028 1525 mortuis
1054 1489 1248 1525 suscitato
1275 1486 1374 1523 dicit

187 1554 273 1601 ipse
309 1548 535 1599 discipulis:
584 1553 609 1570 “
630 1547 800 1597 Palpate
829 1551 873 1586 et
900 1547 1052 1591 videte,
1080 1549 1175 1597 quia
1210 1548 1373 1596 spiritus

185 1623 347 1648 carnem
370 1613 413 1648 et
434 1621 524 1646 ossa
545 1621 625 1645 non
646 1607 786 1651 habet,
809 1609 913 1645 sicut
926 1619 993 1645 me
1009 1605 1154 1644 videtis
1176 1603 1371 1643 habere.”

187 1670 235 1707 In
255 1671 367 1707 cuius
388 1668 618 1706 adsertione
640 1666 734 1705 fidei
756 1665 994 1705 venerabilis
1014 1670 1132 1716 pater
1154 1665 1371 1716 Gregorius

185 1732 227 1766 in
241 1733 402 1766 tantum
417 1731 556 1765 contra
570 1731 806 1765 nascentem
820 1725 1019 1764 haeresim
1033 1738 1177 1763 novam
1189 1723 1372 1762 laborare

186 1787 411 1831 contendit,
458 1791 576 1823 tanta
624 1785 727 1823 hanc
775 1787 984 1829 instantia,
1031 1787 1196 1822 iuvante
1246 1785 1372 1821 etiam

187 1850 363 1898 piissimo
383 1849 628 1897 imperatore
649 1845 810 1884 Tiberio
826 1845 1106 1889 Constantino,
1120 1843 1373 1886 comminuit,

670 1938 683 1959 ¹
705 1937 822 1975 adhuc,
839 1937 891 1969 Pl.

644 2049 659 2070 ¹
683 2050 776 2081 [ulze
794 2049 886 2080 xxiv.
906 2049 957 2080 39.

192 2109 258 2144 190
