1473 2322
456 140 568 176 THE
604 138 936 176 VENERABLE
972 138 1119 176 BEDE

194 242 343 279 ibidem
378 242 523 279 diverti
558 254 604 278 ac
637 255 817 286 manere,
852 246 977 291 atque
1011 241 1105 279 inde
1141 241 1192 279 ad
1227 242 1384 291 praedi-

194 304 366 340 candum
410 306 722 353 circumquaque
774 305 884 341 exire
930 309 1216 340 consueverat:
1275 303 1384 353 quod

193 369 324 415 ipsum
345 371 387 402 et
406 367 447 402 in
468 364 553 402 aliis
573 364 673 402 villis
693 367 799 415 regis
819 364 953 402 facere
973 364 1144 410 solebat,
1164 370 1308 415 utpote
1328 365 1382 402 nil

193 427 378 476 propriae
405 427 679 475 possessionis,
708 430 882 474 excepta
910 422 1078 462 ecclesia
1105 438 1177 462 sua
1205 430 1248 462 et
1276 425 1384 462 adia-

193 488 378 525 centibus
398 485 536 537 agellis
554 485 721 524 habens.
774 485 1057 524 Tetenderunt
1075 499 1171 536 ergo
1190 488 1227 524 ei
1245 499 1384 536 aegro-

193 551 299 586 tanti
328 551 551 586 tentorium
582 548 634 585 ad
663 546 956 586 occidentalem
988 547 1180 586 ecclesiae
1211 554 1384 598 partem,

193 614 253 648 ita
280 617 326 648 ut
358 613 490 661 ipsum
523 612 746 648 tentorium
776 612 922 659 parieti
952 609 1141 648 haereret
1176 609 1382 648 ecclesiae.

195 673 316 711 Unde
341 673 495 710 factum
521 678 598 717 est,
625 678 671 710 ut
697 671 862 710 adclinis
889 672 1074 710 destinae
1101 685 1206 722 quae
1233 675 1384 710 extrin—

195 749 308 774 secus
328 734 520 773 ecclesiae
540 748 611 784 pro
630 736 853 772 munimine
874 739 962 772 erat
982 735 1180 784 adposita,
1199 737 1384 784 spiritum

196 800 303 835 vitae
352 796 562 835 exhalaret
609 795 809 833 ultimum.
865 795 979 833 Obiit
1026 801 1165 833 autem
1212 799 1385 846 septimo

195 860 352 897 decimo
391 861 645 908 episcopatus
685 860 745 895 sui
783 871 903 902 anno,
941 858 1069 907 pridie
1111 857 1384 895 Kalendarum

195 921 508 972 Septembrium.
563 919 684 957 Cuius
717 933 859 970 corpus
891 933 986 957 mox
1018 920 1112 958 inde
1145 919 1384 957 translatum

197 984 247 1021 ad
277 982 449 1020 insulam
481 981 883 1027 Lindisfarnensium,
915 987 1039 1032 atque
1070 985 1112 1019 in
1142 985 1386 1021 coemeterio

196 1046 366 1083 fratrum
397 1043 602 1094 sepultum
635 1049 709 1082 est.
763 1044 822 1080 At
853 1046 1067 1082 interiecto
1100 1049 1284 1095 tempore
1317 1044 1384 1081 ali-

197 1113 363 1159 quanto,
380 1120 472 1144 cum
499 1106 697 1144 fabricata
717 1111 826 1144 esset
844 1107 899 1143 ibi
919 1106 1084 1143 basilica
1099 1109 1240 1152 maior,
1261 1112 1384 1157 atque

196 1173 237 1207 in
268 1168 462 1206 honorem
494 1169 715 1206 beatissimi
749 1167 1022 1217 apostolorum
1054 1170 1242 1218 principis
1275 1168 1385 1206 dedi-

197 1238 302 1277 cata,
313 1231 380 1268 illo
394 1244 483 1268 ossa
497 1233 581 1268 eius
594 1229 806 1275 translata,
821 1235 944 1280 atque
959 1231 1010 1268 ad
1024 1230 1236 1268 dexteram
1250 1230 1386 1268 altaris

197 1297 312 1331 iuxta
331 1294 635 1331 venerationem
664 1297 781 1329 tanto
810 1291 1000 1342 pontifice
1030 1292 1195 1342 dignam
1224 1292 1384 1330 condita

197 1361 304 1393 sunt.

247 1417 446 1455 Successit
465 1430 558 1454 vero
579 1418 615 1453 ei
634 1418 675 1452 in
695 1418 973 1465 episcopatum
993 1415 1134 1461 Finan,
1154 1421 1198 1453 et
1215 1418 1301 1466 ipse
1319 1415 1385 1453 illo

199 1481 249 1517 ab
279 1479 347 1516 Hii
377 1478 608 1516 Scottorum
637 1477 766 1514 insula
796 1491 842 1514 ac
871 1480 1115 1515 monasterio
1145 1477 1387 1523 destinatus,

200 1556 245 1579 ac
281 1547 466 1591 tempore
506 1554 586 1577 non
626 1553 754 1590 pauco
794 1542 835 1576 in
876 1542 1110 1590 episcopatu
1150 1543 1384 1590 permansit.

199 1605 380 1654 Contigit
405 1609 545 1640 autem
570 1608 663 1653 post
690 1601 843 1652 aliquot
870 1615 1008 1647 annos,
1036 1607 1083 1639 ut
1110 1601 1249 1640 Penda
1278 1602 1385 1640 Mer-

199 1668 349 1703 ciorum
377 1677 449 1702 rex
480 1677 570 1700 cum
602 1662 735 1699 hostili
768 1665 949 1700 exercitu
980 1662 1080 1701 haec
1110 1665 1151 1700 in
1180 1662 1267 1700 loca
1297 1677 1385 1713 per-

201 1730 377 1772 veniens,
403 1740 493 1763 cum
519 1731 666 1762 cuncta
692 1738 796 1775 quae
822 1730 985 1775 poterat
1010 1724 1115 1762 ferro
1142 1724 1384 1775 flammaque

199 1789 402 1840 perderet,
425 1790 532 1824 vicus
555 1800 716 1837 quoque
738 1785 804 1824 ille
826 1789 867 1823 in
890 1800 969 1837 quo
992 1789 1161 1824 antistes
1184 1787 1284 1824 obiit
1306 1801 1385 1824 una

199 1865 290 1889 cum
316 1849 484 1888 ecclesia
510 1854 735 1886 memorata
761 1847 930 1885 flammis
959 1849 1250 1886 absumeretur.
1305 1847 1385 1886 Sed

198 1916 343 1950 mirum
375 1914 416 1949 in
448 1911 613 1948 modum
645 1910 730 1947 sola
761 1909 829 1947 illa
861 1910 1020 1948 destina
1052 1912 1116 1947 cui
1149 1911 1384 1948 incumbens

198 1975 313 2019 obiit,
327 1974 378 2011 ab
392 1973 551 2024 ignibus
566 1974 712 2009 circum
728 1977 874 2009 cuncta
887 1970 1119 2009 vorantibus
1135 1971 1290 2009 absumi
1304 1985 1383 2010 non

198 2062 271 2109 406
