1473 2322
488 153 599 190 THE
636 153 966 191 VENERABLE
1001 153 1148 191 BEDE

709 297 826 335 CAP.
862 298 922 335 XI

230 383 279 420 Ut
303 396 413 434 super
436 382 614 434 reliquias
639 382 717 421 eius
743 383 806 421 lusc
830 383 994 421 coelestis
1019 389 1094 422 tota
1117 390 1220 422 nocte
1244 386 1380 423 steterit
1394 402 1411 430 ,-

452 451 485 482 et
502 451 540 482 ut
552 458 622 496 per
639 458 703 482 eas
720 444 793 482 sint
810 445 1039 483 daemoniaci
1055 446 1186 484 curati.

274 530 401 567 INTER
437 544 541 581 quae
578 544 836 581 nequaquam
873 530 1031 569 silentio
1068 534 1411 581 praetereundum

223 606 325 637 reor,
348 593 446 643 quid
468 595 627 630 virtutis
652 606 697 630 ac
720 592 899 630 miraculi
923 592 1108 631 caelestis
1132 593 1255 632 fuerit
1277 601 1411 633 osten-

222 668 324 699 sum,
350 668 441 691 cum
468 668 557 691 ossa
585 657 669 692 eius
695 656 876 699 inventa,
903 660 1027 705 atque
1056 656 1107 692 ad
1135 656 1344 694 ecelesiam
1370 659 1411 694 in

221 730 301 766 qua
337 730 443 753 nunc
480 722 705 761 servantur,
742 716 940 754 translata
976 722 1082 754 sunt.
1139 717 1308 755 Factum
1347 725 1411 756 est

221 784 360 816 autem
409 778 484 815 hoc
533 791 606 827 per
655 778 895 815 industriam
944 781 1111 828 reginae
1164 779 1410 818 Merciorum

221 840 467 890 Osthrydae,
490 853 594 889 quae
620 845 708 877 erat
736 839 817 876 filia
840 839 974 877 fratris
1002 842 1101 885 eius,
1125 841 1166 878 id
1193 847 1256 879 est
1282 841 1409 880 Osuiu

220 905 288 951 qui
302 907 394 951 post
408 901 520 938 illum
535 903 650 951 regni
666 904 823 951 apicem
837 902 1009 939 tenebat
1024 907 1070 939 ut
1085 904 1126 939 in
1141 904 1409 953 sequentibus

219 964 409 1001 dicemus.

268 1025 344 1061 Est
383 1026 675 1061 monasterium
717 1023 851 1061 nobile
893 1026 934 1061 in
975 1027 1180 1074 provincia
1221 1025 1409 1072 Lindissi,

217 1089 378 1124 nomine
398 1086 650 1131 Beardaneu,
671 1087 779 1136 quod
799 1086 943 1124 eadem
962 1089 1103 1136 regina
1122 1100 1213 1124 cum
1234 1091 1316 1125 viro
1335 1102 1408 1126 suo

216 1147 435 1185 Aedilredo
453 1146 627 1184 multum
646 1147 857 1197 diligebat,
877 1149 1160 1194 venerabatur,
1181 1148 1408 1195 excolebat,

216 1213 257 1246 in
280 1223 359 1260 quo
381 1209 640 1246 desiderabat
662 1208 895 1246 honoranda
917 1212 1052 1259 patrui
1074 1212 1135 1246 sui
1158 1223 1247 1247 ossa
1269 1224 1407 1249 recon-

216 1272 335 1309 dere:
377 1283 549 1321 cumque
577 1273 755 1308 venisset
782 1284 938 1308 carrum
966 1273 1007 1308 in
1036 1284 1115 1321 quo
1145 1272 1289 1310 eadem
1317 1286 1407 1310 ossa

215 1334 482 1377 ducebantur,
518 1333 779 1370 incumbente
817 1346 999 1383 vespera,
1036 1336 1077 1370 in
1115 1337 1406 1372 monasterium

215 1395 459 1445 praefatum,
493 1393 711 1432 noluerunt
747 1408 795 1432 ea
830 1398 898 1445 qui
934 1400 1050 1432 erant
1084 1397 1125 1432 in
1159 1399 1405 1434 monasterio

214 1457 389 1494 libenter
411 1459 619 1506 excipere:
657 1458 752 1506 quia
773 1459 850 1493 etsi
872 1461 1057 1493 sanctum
1079 1470 1172 1494 eum
1194 1463 1405 1503 noverant,

213 1525 353 1556 tamen
378 1520 473 1568 quia
497 1518 548 1555 de
575 1517 652 1554 alia
676 1521 879 1567 provincia
905 1523 1015 1555 ortus
1041 1517 1190 1563 fuerat,
1216 1524 1260 1557 et
1284 1532 1405 1569 super

215 1595 282 1619 eos
315 1593 486 1629 regnum
520 1585 746 1629 acceperat,
780 1582 981 1618 veteranis
1017 1593 1110 1618 eum
1144 1580 1243 1618 odiis
1278 1584 1403 1618 etiam

213 1648 418 1679 mortuum
442 1642 773 1691 insequebantur.
830 1641 950 1679 Unde
976 1641 1130 1678 factum
1156 1647 1219 1679 est
1244 1647 1291 1679 ut
1316 1645 1404 1692 ipsa

213 1710 332 1742 nocte
360 1703 553 1753 reliquiae
583 1703 744 1740 adlatae
773 1702 868 1740 foris
896 1709 1197 1752 permanerent,
1226 1707 1402 1741 tentorio

212 1772 375 1804 tantum
390 1768 541 1802 maiore
559 1778 679 1815 supra
696 1778 853 1802 carrum
870 1767 910 1802 in
929 1778 1007 1815 quo
1025 1767 1199 1810 inerant,
1218 1771 1401 1804 extenso.

212 1828 293 1866 Sed
312 1827 492 1865 miraculi
512 1825 697 1865 caelestis
718 1829 908 1872 ostensio,
931 1840 1052 1877 quam
1073 1832 1307 1866 reverenter
1328 1841 1401 1866 eae

258 1938 272 1958 ยน
295 1938 361 1970 She
383 1949 454 1969 was
481 1937 662 1970 murdered
689 1938 725 1968 in
754 1938 818 1970 697
846 1937 916 1968 and
943 1937 1003 1968 her
1030 1937 1200 1976 husband,
1225 1937 1398 1976 Ethelred,

212 1981 352 2013 became
369 1992 389 2012 a
407 1981 512 2013 monk
529 1981 600 2012 and
616 1981 704 2011 later
722 1980 830 2012 abbot
848 1981 883 2012 of
900 1980 1072 2022 Bardney.

258 2025 270 2043 2
294 2024 456 2066 Bardney
470 2025 506 2055 in
523 2020 768 2056 Lineolnshire.

212 2077 284 2125 376
