1473 2322
471 144 582 182 THE
618 143 948 182 VENERABLE
983 144 1131 182 BEDE

208 245 387 291 metallo,
420 246 492 284 sed
524 248 567 283 in
599 245 720 284 caelis
754 252 863 285 esset
896 246 1121 284 credenda:
1168 249 1395 297 meritoque

208 305 531 355 intelligendum,
549 308 643 356 quia
659 319 798 344 omnes
816 308 885 356 qui
902 305 1155 344 voluntatem
1173 309 1257 344 eius
1275 320 1299 344 a
1316 320 1395 357 quo

207 368 332 402 creati
349 371 443 402 sunt
459 366 661 403 discerent
678 371 721 403 et
736 364 932 410 facerent,
949 371 1117 403 aeterna
1133 366 1184 403 ab
1200 365 1266 403 illo
1282 379 1396 416 prae-

208 427 288 461 mia
319 430 456 463 essent
488 427 730 475 percepturi.
786 424 900 462 Haec
933 431 976 463 et
1008 424 1236 463 huiusmodi
1268 425 1397 463 multa

207 497 298 521 eum
310 498 382 522 rex
397 484 525 522 Osuiu
538 487 624 534 regi
639 484 848 534 Sigbercto
863 483 1019 521 amicali
1034 490 1077 523 et
1090 487 1203 535 quasi
1217 484 1396 523 fraterno

207 543 368 581 consilio
393 557 515 594 saepe
539 544 772 588 inculcaret,
797 544 965 581 tandem
988 547 1154 582 iuvante
1179 547 1397 582 amicorum

206 617 402 641 consensu
434 604 619 648 credidit,
651 609 694 642 et
724 603 833 641 facto
864 617 956 641 cum
987 606 1066 641 suis
1098 603 1274 649 consilio,
1304 617 1396 642 cum

207 663 504 708 exhortatione,
517 662 748 701 faventibus
762 665 930 708 cunctis,
946 669 988 701 et
1003 663 1274 701 adnuentibus
1289 663 1397 709 fidei,

205 724 436 773 baptizatus
453 728 516 760 est
533 735 624 760 cum
643 725 698 760 eis
717 735 740 759 a
754 722 906 760 Finano
919 725 1106 773 episcopo
1123 725 1163 760 in
1181 722 1273 760 villa
1285 725 1397 773 regia

206 785 317 820 cuius
360 795 480 832 supra
521 784 791 826 meminimus,
834 795 939 831 quae
981 784 1289 832 cognominatur
1330 782 1397 820 Ad

208 843 385 879 Murum.
440 835 516 878 Est
539 844 646 879 enim
670 844 785 878 iuxta
807 855 981 886 murum,
1005 855 1084 891 quo
1108 841 1203 879 olim
1226 841 1396 879 Romani

206 901 447 938 Brittaniam
476 900 647 938 insulam
676 903 952 950 praecinxere,
982 901 1194 939 duodecim
1221 900 1396 939 millibus

170 974 395 1045 rpassuum
418 973 442 997 a
462 963 563 997 mari
584 959 770 998 orientali
791 966 960 998 secreta.

258 1020 388 1071 Igitur
405 1033 477 1058 rex
495 1019 680 1070 Sigberct
699 1022 855 1057 aeterni
872 1022 987 1069 regni
1004 1021 1085 1056 iam
1102 1021 1197 1056 civis
1216 1018 1396 1065 effectus,

168 1070 172 1112 ἶ
206 1079 439 1130 temporalis
473 1082 534 1116 sui
567 1082 681 1129 regni
716 1079 856 1117 sedem
889 1081 1069 1132 repetiit,
1102 1078 1310 1128 postulans
1345 1080 1397 1117 ab

207 1139 333 1177 Osuiu
350 1152 447 1189 rege
465 1144 512 1176 ut
529 1138 682 1188 aliquos
701 1139 774 1176 sibi
793 1139 977 1176 doctores
995 1139 1126 1183 daret,
1144 1141 1253 1188 quig
1231 1143 1396 1176 <rentem

206 1213 319 1236 suam
344 1199 396 1236 ad
414 1198 536 1236 fidem
562 1197 709 1235 Christi
727 1203 1011 1246 converterent
1032 1211 1076 1234 ac
1094 1197 1207 1235 fonte
1232 1197 1395 1235 salutari

207 1257 431 1309 abluerent.
486 1257 544 1294 At
567 1255 634 1293 ille
659 1259 827 1294 mittens
853 1256 905 1294 ad
929 1258 1173 1306 provinciam
1201 1255 1396 1294 Mediter—

206 1330 418 1355 raneorum
436 1315 675 1367 Anglorum,
692 1315 881 1353 clamaxit
898 1316 950 1353 ad
966 1329 1008 1354 se
1026 1318 1154 1353 virum
1171 1315 1252 1353 Dei
1265 1314 1396 1361 Cedd,

207 1384 249 1415 et
281 1377 377 1415 dato
410 1376 466 1413 illi
498 1379 603 1413 socio
637 1376 764 1414 altero
797 1376 972 1426 quodam
1003 1376 1256 1426 presbytero,
1287 1378 1396 1413 misit

206 1437 438 1487 praedicare
486 1437 654 1474 verbum
700 1438 814 1486 genti
862 1435 1131 1474 Orientalium
1177 1434 1394 1473 Saxonum.

208 1496 289 1534 Ubi
330 1510 422 1533 cum
463 1498 598 1533 omnia
638 1495 967 1545 perambulantes
1008 1495 1179 1532 multam
1221 1495 1396 1533 Domino

208 1555 417 1594 ecclesiam
446 1561 776 1605 congregassent,
806 1558 977 1606 contigit
1007 1555 1182 1605 quodam
1211 1560 1396 1605 tempore

208 1615 383 1654 eundem
406 1615 520 1653 Cedd
541 1615 672 1652 redire
695 1615 874 1659 domum,
897 1628 942 1652 ac
963 1617 1174 1664 pervenire
1198 1615 1250 1652 ad
1271 1614 1397 1652 eccle-

208 1677 308 1712 siam
337 1672 747 1718 Lindisfaronensem‚
776 1679 942 1723 propter
970 1672 1226 1723 conloquium
1255 1672 1396 1711 Finani

209 1735 407 1784 episeopi3
458 1735 527 1783 qui
564 1733 631 1770 ubi
669 1738 950 1782 prosperatum
988 1734 1024 1770 ei
1061 1745 1160 1782 opus
1198 1732 1396 1782 evangelii

208 1795 418 1843 comperit,
430 1791 528 1830 fecit
542 1806 634 1830 eum
649 1795 880 1842 episcopum
894 1795 933 1829 in
947 1797 1114 1842 gentem
1128 1791 1396 1829 Orientalium

255 1888 507 1973 Jqsshsslfflmt
532 1932 620 1963 have
647 1930 732 1962 been
758 1930 997 1967 Scoto-Celtic,
1024 1929 1089 1961 but
1113 1940 1158 1961 no
1184 1930 1342 1970 question
1366 1931 1396 1961 is

211 1974 321 2006 raised
339 1975 373 2006 of
390 1985 410 2005 a
427 1973 503 2005 flaw
520 1974 556 2005 in
573 1973 695 2006 Cedd’s
713 1973 920 2011 ordination,
939 1973 1023 2005 such
1039 1983 1079 2005 as
1095 1972 1271 2004 Theodoro
1287 1972 1396 2005 found

209 2018 246 2049 in
260 2017 320 2049 the
335 2017 533 2049 ordination
549 2017 584 2049 of
599 2016 706 2053 chad,
722 2017 768 2048 iv.
786 2017 818 2048 2.

211 2073 282 2119 436
