1473 2322
425 148 537 186 THE
573 148 904 186 VENERABLE
938 148 1085 187 BEDE

163 255 300 289 autem
332 265 467 289 secum
498 253 540 288 in
571 253 793 290 ministerio
825 256 869 289 et
901 251 1092 289 Iacobum
1124 253 1348 296 diaconum,

163 322 290 357 virum
321 323 461 370 utique
492 320 734 358 industrium
765 334 810 357 ac
840 320 1016 359 nobilem
1046 323 1087 358 in
1119 321 1276 358 Christo
1307 326 1350 359 et

165 389 344 434 ecclesia,
371 392 438 440 qui
465 390 517 427 ad
541 394 678 428 nostra
703 403 831 440 usque
855 394 1041 440 tempora
1065 392 1297 440 permansit.

213 459 344 496 Tanta
363 464 500 497 autem
519 472 566 497 eo
584 464 767 509 tempore
785 472 866 510 pax
882 461 924 497 in
941 459 1155 505 Brittania,
1173 472 1350 510 quaqua-

165 542 322 565 versum
353 530 567 578 imperium
597 531 704 580 regis
736 529 912 567 Aeduini
942 533 1198 579 pervenerat,
1228 529 1350 567 fuisse

163 597 411 646 perhibetur,
429 602 488 642 ut,
506 600 610 635 sicut
628 611 754 648 usque
771 598 891 636 hodie
908 600 949 635 in
965 599 1175 648 proverbio
1193 598 1350 642 dieitur,

164 669 287 704 etiam
313 669 344 704 si
368 667 511 705 mulier
535 681 615 704 una
639 680 731 705 cum
754 680 894 705 recens
918 672 1015 704 nato
1039 666 1204 718 parvulo
1228 666 1350 706 vellet

162 740 293 773 totam
321 736 602 787 perambulare
631 736 802 774 insulam
831 750 855 773 a
882 739 982 773 mari
1011 737 1063 774 ad
1090 750 1215 781 mare,
1243 735 1351 774 nullo

163 819 206 843 se
223 805 414 844 laedente
435 805 600 844 valeret.
654 806 830 843 Tantum
850 819 921 844 rex
940 806 1049 843 idem
1069 805 1236 843 utilitati
1256 819 1351 844 suae

163 878 295 926 gentis
333 875 545 920 consuluit,
583 879 630 912 ut
665 874 867 926 plerisque
903 877 945 912 in
981 875 1076 912 locis
1114 876 1181 913 ubi
1219 875 1351 914 fontes

163 944 313 982 lucidos
334 948 449 982 iuxta
469 944 647 994 publicos
667 947 821 982 viarum
841 947 1033 982 transitus
1055 947 1278 995 conspexit,
1298 945 1352 982 ibi

163 1015 215 1051 ob
251 1014 503 1065 refrigerium
542 1016 751 1059 viantium,
790 1017 933 1052 erectis
971 1016 1175 1065 stipitibus
1215 1027 1352 1053 aereos

165 1097 305 1121 caucos
336 1085 526 1134 suspendi
555 1085 729 1128 iuberet,
759 1097 892 1134 neque
921 1083 993 1121 hos
1024 1087 1248 1134 quisquam,
1277 1086 1352 1121 nisi

165 1154 216 1191 ad
241 1167 357 1191 usum
382 1156 664 1198 necessarium,
691 1155 925 1205 contingere
950 1167 1047 1204 prae
1072 1154 1352 1205 magnitudine

165 1223 228 1261 vel
249 1225 401 1261 timoris
425 1225 508 1261 eius
532 1224 714 1267 auderet,
737 1222 801 1261 vel
822 1225 966 1260 amoris
988 1223 1123 1261 vellet.
1176 1223 1352 1261 Tantum

164 1306 257 1331 vero
285 1295 325 1329 in
351 1306 476 1344 regno
505 1291 770 1331 excellentiae
796 1291 952 1337 habuit,
980 1296 1027 1330 ut
1052 1306 1133 1330 non
1158 1292 1286 1330 solum
1311 1295 1353 1330 in

164 1376 301 1413 pugna
321 1367 416 1400 ante
433 1361 547 1399 illum
565 1361 711 1399 vexilla
728 1366 999 1413 gestarentur,
1018 1362 1090 1400 sed
1109 1366 1151 1400 et
1169 1366 1351 1413 tempore

165 1434 272 1482 pacis
300 1434 555 1483 equitantem
580 1433 687 1470 inter
712 1433 895 1470 civitates
922 1433 1004 1469 sive
1029 1431 1140 1469 villas
1169 1436 1238 1469 aut
1263 1445 1352 1482 pro-

165 1503 312 1539 vincias
342 1515 433 1539 suas
463 1514 555 1539 cum
583 1503 788 1546 ministris,
817 1514 976 1551 semper
1006 1501 1247 1539 antecedere
1275 1503 1352 1552 sig-

165 1571 268 1609 nifer
295 1575 550 1615 consuesset;
593 1584 749 1609 necnon
777 1575 820 1608 et
847 1570 1061 1609 incedente
1087 1569 1155 1608 illo
1182 1570 1352 1609 ubilibet

165 1654 237 1690 per
261 1639 433 1690 plateas,
457 1639 557 1678 illud
581 1653 708 1691 genus
734 1639 881 1684 vexilli,
907 1640 1016 1690 quod
1040 1640 1208 1677 Romani
1234 1639 1256 1652 “
1274 1639 1352 1677 Tu-

165 1708 289 1754 fam,''
315 1709 436 1760 Angli
461 1722 554 1747 vero
579 1708 786 1759 appellant
810 1708 831 1721 ‘¹
850 1708 997 1753 Tuuf‚''
1023 1713 1117 1747 ante
1143 1723 1235 1747 eum
1257 1708 1349 1748 ferri

166 1778 335 1817 solebat.

168 2061 238 2107 298
