1473 2322
451 139 561 175 THE
599 139 633 174 V
636 137 929 176 ENERABLE
965 137 1112 176 BEDE

187 249 358 293 gantur3
385 248 587 293 quatenus
606 242 715 279 nulla
735 244 787 279 sit
807 244 1039 286 necessitas,
1059 241 1135 279 ut¹
1155 244 1196 278 in
1217 242 1370 279 ordina-

187 300 298 334 tione
312 298 502 346 episcopi,
514 302 696 344 pastores
709 308 870 345 quoque
884 295 949 332 alii
962 309 1131 345 quorum
1144 297 1374 344 praesentia

189 349 304 387 valde
347 355 410 387 est
451 349 573 393 utilis,
615 348 731 386 facile
773 349 953 386 debeant
992 351 1218 386 convenire.
1272 348 1374 385 Cum

188 406 311 453 igitur
333 408 497 440 auctore
520 402 610 439 Deo
630 405 690 439 ita
710 401 863 439 fuerint
883 404 1059 452 episcopi
1079 404 1120 438 in
1140 403 1374 451 propinquis

188 456 263 493 sibi
287 455 382 493 locis
407 455 594 500 ordinati,
618 469 692 505 per
715 457 850 492 omnia
875 457 1152 505 episcoporum
1176 455 1374 492 ordinatio

188 512 273 547 sine
295 509 527 560 adgregatis
547 509 676 546 tribus
697 508 760 546 vel
780 514 954 559 quatuor
973 511 1168 558 episcopis
1189 508 1275 545 fieri
1294 521 1375 545 non

188 563 326 600 debet.
381 562 485 599 Nam
508 565 549 599 in
572 565 667 611 ipsis
690 563 810 600 rebus
833 561 1078 611 spiritalibus
1102 567 1149 598 ut
1171 564 1375 611 sapienter

189 622 232 654 et
258 621 419 654 mature
447 616 725 665 disponantur,
753 615 985 665 exemplum
1012 614 1175 653 trahere
1204 628 1228 651 a
1255 615 1374 652 rebus

189 672 314 707 etiam
342 669 566 706 carnalibus
594 682 818 718 possumus.
872 668 994 706 Certe
1023 671 1130 706 enim
1158 669 1255 706 dum
1283 681 1375 705 con-

188 724 298 774 iugia
324 725 365 759 in
392 723 543 760 mundo
570 722 888 784 celebrantur‚c
867 723 1072 785 coniugati
1100 724 1250 772 quique
1283 735 1375 758 con-

189 782 396 821 vocantur,
423 782 469 813 ut
495 779 563 826 qui
589 779 630 812 in
655 778 720 812 via
745 777 826 812 iam
852 777 1026 825 coniugii
1054 780 1374 824 praecesserunt,

188 833 228 867 in
255 831 538 879 subsequentis
565 842 726 880 quoque
751 829 919 878 copulae
944 828 1092 879 gaudio
1117 831 1373 866 misceantur.

190 883 270 920 Cur
289 896 370 920 non
391 896 487 933 ergo
509 888 551 920 et
571 886 611 919 in
633 882 707 920 hac
727 881 896 932 spiritali
916 882 1183 926 ordinatione,
1204 894 1284 932 qua
1303 895 1376 932 per

189 950 345 973 sacrum
380 939 649 974 ministerium
683 935 803 973 homo
840 935 930 974 Deo
968 937 1238 986 coniungitur,
1272 935 1374 972 tales

190 992 445 1035 conveniant,
482 992 551 1040 qui
587 989 650 1027 vel
685 992 726 1026 in
761 994 956 1040 provectu
991 989 1164 1026 ordinati
1201 991 1375 1038 episcopi

189 1043 411 1094 gaudeant,
444 1043 509 1081 vel
540 1056 613 1093 pro
647 1043 732 1081 eius
767 1043 951 1080 custodia
983 1045 1252 1093 omnipotenti
1285 1042 1375 1080 Deo

190 1110 329 1147 preces
351 1098 504 1147 pariter
525 1095 742 1134 fundantss’

241 1150 333 1187 VII.
363 1150 634 1201 Interrogatio
652 1151 884 1200 Augustini.
938 1148 1165 1196 ‘Qualiter
1181 1149 1376 1186 debemus

190 1217 281 1241 cum
303 1203 525 1240 Galliarum
544 1203 897 1253 Britaniarumque
918 1205 1113 1252 episcopis
1135 1215 1278 1253 agere.
1269 1200 1312 1229 P’

242 1257 466 1307 Respondit
502 1257 733 1307 Gregorius.
802 1256 878 1293 ‘In
915 1255 1135 1293 Galliarum
1171 1258 1377 1305 episcopos

191 1310 341 1348 nullam
358 1311 433 1347 tibi
451 1313 737 1348 auctoritatem
754 1310 967 1347 tribuimus
981 1322 990 1347 ε
1022 1312 1116 1360 quia
1133 1310 1184 1346 ab
1202 1311 1377 1359 antiquis

190 1365 545 1413 praedecessorum
569 1377 751 1402 meorum
775 1363 1026 1413 temporibus
1049 1362 1214 1412 pallium
1239 1361 1379 1400 Arela-

191 1420 317 1455 tensis
345 1420 554 1467 episcopus
581 1420 752 1467 accepit,
778 1430 900 1467 quem
926 1429 998 1454 nos
1024 1419 1181 1466 privare
1208 1418 1378 1453 auctori-

192 1477 280 1509 tate
300 1477 495 1521 percepta
515 1473 680 1509 minime
701 1471 910 1508 debemus.
963 1468 1004 1506 Si
1024 1472 1149 1520 igitur
1168 1471 1379 1519 contingat

193 1530 239 1561 ut
258 1523 492 1562 fraternitas
512 1530 584 1562 tua
605 1524 657 1562 ad
678 1523 898 1561 Galliarum
918 1525 1162 1572 provinciam
1182 1527 1379 1567 transeat,

193 1591 283 1615 cum
295 1578 439 1616 eodem
451 1577 692 1616 Arelatense
706 1580 893 1627 episcopo
906 1577 1031 1614 debet
1044 1589 1179 1627 agere,
1191 1575 1378 1626 qualiter,

193 1635 222 1667 si
255 1644 335 1682 qua
363 1637 458 1669 sunt
485 1634 527 1668 in
557 1634 752 1681 episcopis
781 1633 893 1676 vitia,
921 1632 1184 1681 corrigantur.
1237 1628 1319 1676 Qui
1346 1631 1378 1666 si

239 1732 252 1751 ¹
275 1732 347 1764 The
374 1731 487 1764 words
511 1732 606 1764 nulla
632 1731 676 1763 sit
700 1730 875 1764 necessitas
900 1734 936 1763 ut
961 1740 1019 1763 are
1041 1733 1106 1762 not
1126 1728 1288 1772 required
1309 1728 1377 1761 and

195 1775 283 1817 spoil
299 1775 358 1807 the
379 1785 490 1812 sense,
505 1774 557 1806 Pl.

244 1890 256 1909 1
281 1888 470 1929 Originally
492 1887 552 1919 the
575 1887 684 1919 Greek
707 1887 817 1919 cloak.
863 1887 899 1918 It
921 1886 1060 1918 became
1081 1896 1103 1917 a
1124 1885 1260 1927 general
1282 1885 1379 1916 mark

200 1933 235 1964 of
259 1931 393 1963 honour
410 1931 480 1962 and
496 1931 620 1962 favour
637 1930 811 1961 bestowed
827 1932 866 1961 at
881 1929 957 1961 first
974 1929 1020 1970 by
1036 1929 1096 1960 the
1111 1938 1278 1969 emperor,
1295 1928 1379 1960 then

197 1974 322 2015 hythe
341 1984 410 2015 pop
388 1984 430 2015 pe
444 1974 484 2005 in
502 1973 562 2004 the
580 1972 746 2014 emperor'
749 1983 765 2004 s
784 1982 885 2004 name
904 1981 949 2003 on
968 1972 1100 2003 certain
1126 1970 1377 2012 distinguished

198 2017 356 2058 prelates.
404 2016 455 2048 Its
474 2016 563 2048 form
582 2015 725 2047 differed
744 2018 782 2046 at
800 2015 960 2047 different
977 2015 1090 2046 times.

202 2070 268 2105 128
