1473 2322
468 159 581 196 THE
617 158 949 197 VENERABLE
984 158 1131 196 BEDE

208 261 456 311 perfectione
491 262 675 306 eximius,
708 263 878 298 correcti
909 266 1004 298 sunt
1037 274 1109 311 per
1141 275 1234 299 eum
1268 267 1311 299 et
1344 261 1395 299 ad

208 338 346 363 verum
371 327 687 375 canonicumque
707 324 879 374 paschae
900 325 1008 362 diem
1026 324 1234 369 translati3
1273 339 1393 376 quem

207 396 346 427 tamen
373 395 416 427 et
442 395 563 426 antea
588 403 667 426 non
693 402 853 439 semper
877 391 918 426 in
942 388 1038 426 luna
1066 395 1211 439 quarta
1239 390 1394 427 decima

208 468 299 491 cum
313 453 488 497 Iudaeis,
509 459 554 490 ut
571 453 734 503 quidam
757 454 964 498 rebantur,
987 454 1059 491 sed
1080 456 1121 490 in
1143 454 1208 491 die
1232 454 1393 504 quidem

207 518 434 562 Dominica,
474 517 552 554 alia
589 523 728 555 tamen
767 531 889 568 quam
929 518 1102 555 decebat
1139 517 1396 556 hebdomada

208 582 480 620 celebrabant.
536 581 726 619 Sciebant
746 584 867 627 enim,
887 587 933 619 ut
953 581 1181 627 Christiani,
1200 595 1394 620 resurrec-

207 650 360 685 tionem
371 645 627 683 Dominicam
640 659 743 696 quae
756 648 883 695 prima
899 647 1057 683 sabbati
1070 645 1178 683 facta
1193 651 1255 684 est
1268 648 1395 696 prima

208 712 367 749 sabbati
399 724 559 760 semper
593 723 679 748 esse
712 710 1018 748 celebrandam:
1061 711 1133 747 sed
1162 716 1208 747 ut
1235 711 1395 747 barbari

211 781 252 813 et
277 777 428 819 rustici,
456 775 617 824 quando
644 774 787 812 eadem
814 776 943 824 prima
968 775 1127 811 sabbati
1156 787 1261 824 quae
1290 788 1396 811 nunc

209 840 419 877 Dominica
450 839 534 876 dies
565 840 871 888 cognominatur
900 841 1057 876 veniret
1083 840 1248 875 minime
1272 838 1394 876 didic-

209 909 336 941 erant.
390 903 541 941 Verum
586 905 680 953 quia
723 904 856 953 gratia
891 904 1070 939 caritatis
1113 901 1270 940 fervere
1315 915 1393 940 non

212 970 442 1013 omiserunt,
460 973 503 1005 et
517 966 634 1004 huius
649 980 810 1017 quoque
825 968 883 1004 rei
897 969 1084 1004 notitiam
1102 966 1154 1004 ad
1169 966 1393 1016 perfectum

209 1035 415 1083 percipere
466 1037 717 1076 meruerunt,
768 1033 884 1068 iuxta
933 1033 1172 1081 promissum
1224 1030 1395 1081 apostoli

210 1097 400 1134 dicentis:
442 1095 538 1133 “Et
564 1098 595 1132 si
622 1095 719 1146 quid
745 1094 861 1133 aliter
886 1097 1039 1145 sapitis,
1066 1100 1109 1133 et
1134 1094 1208 1132 hoc
1234 1108 1394 1145 quoque

210 1161 319 1198 vobis
339 1159 452 1198 Deus
475 1158 712 1197 revelabit.’'
767 1159 830 1197 De
853 1172 932 1210 quo
951 1158 1109 1210 plenius
1130 1161 1170 1196 in
1191 1161 1394 1210 sequenti—

210 1225 283 1262 bus
300 1238 371 1262 suo
387 1223 473 1261 loco
491 1224 706 1261 dicendum
724 1229 798 1262 est.

708 1431 823 1469 CAP.
862 1430 895 1467 V

544 1525 604 1562 De
624 1524 697 1562 vita
715 1524 861 1562 Aedanz'
878 1522 1050 1576 episcopi.

263 1621 323 1657 ΑΒ
361 1619 435 1657 hac
472 1632 568 1668 ergo
605 1618 747 1663 insula,
784 1618 835 1655 ab
871 1617 1014 1655 horum
1050 1616 1221 1667 collegio
1256 1630 1393 1655 mona-

211 1683 389 1728 chorum,
420 1683 472 1720 ad
502 1685 745 1733 provinciam
777 1681 1001 1732 Anglorum
1030 1681 1322 1719 instituendam
1352 1683 1393 1717 in

212 1747 384 1792 Christo,
395 1749 537 1784 missus
551 1751 613 1784 est
626 1746 784 1790 Aedan,
801 1750 967 1794 accepto
980 1745 1108 1795 gradu
1126 1746 1391 1794 episcopatus.

212 1811 302 1858 Quo
333 1816 517 1860 tempore
560 1809 693 1847 eidem
728 1810 972 1846 monasterio
1009 1807 1156 1858 Segeni
1193 1809 1317 1845 abbas
1350 1814 1393 1847 et

211 1875 424 1926 presbyter
445 1872 634 1923 praefuit.
690 1872 810 1910 Unde
837 1874 945 1909 inter
973 1870 1050 1908 alia
1082 1872 1241 1908 vivendi
1274 1872 1392 1909 docu-

211 1944 364 1984 menta,
392 1936 698 1975 saluberrimum
728 1936 998 1973 abstinentiae
1028 1934 1091 1972 vel
1119 1937 1390 1973 continentiae

212 2002 362 2040 clericis
409 2000 640 2052 exemplum
684 1998 869 2051 reliquit:
928 2000 1039 2036 cujus
1084 1998 1306 2037 doctrinam
1351 2000 1390 2039 id

212 2093 284 2133 344
