1473 2322
376 137 487 174 THE
523 134 854 173 VENERABLE
889 134 1038 172 BEDE

113 247 192 286 tor,
236 246 280 279 et
323 239 482 277 futurus
526 239 664 282 iudex,
708 237 926 275 adstabant
970 241 1107 287 partes
1152 235 1300 285 dispari

114 311 343 348 conditione
362 308 594 352 dissimiles;
624 307 716 345 hinc
733 307 867 344 divina
884 306 997 350 fides,
1013 306 1107 343 inde
1124 304 1301 342 humana

112 381 387 431 praesumptio
401 390 410 422 ;
422 378 514 414 hinc
524 379 669 427 pietaS,
680 377 774 414 inde
786 376 973 426 superbia
985 387 995 419 3
1007 375 1101 413 inde
1114 373 1300 425 Pelagius

115 454 267 493 auctor,
309 448 402 485 hinc
445 446 638 484 Christus.
693 445 825 482 Primo
867 447 909 482 in
950 444 1036 482 loco
1078 445 1301 482 beatissimi

114 518 343 557 sacerdotes
356 517 632 567 praebuerunt
645 516 878 553 adversariis
892 517 1047 564 copiam
1055 513 1301 563 disputandi,

115 600 219 638 quae
248 587 331 625 sola
354 587 541 624 nuditate
569 586 796 629 verborum,
816 585 884 622 diu
912 586 1086 621 inaniter
1114 588 1157 621 et
1186 596 1301 621 aures

115 659 325 707 occupavit
351 662 394 695 et
418 661 625 706 tempora:
665 655 812 692 deinde
839 656 1042 692 antistites
1068 653 1301 696 venerandi,

115 732 316 765 torrentes
346 725 494 776 eloquii
523 726 584 762 sui
613 737 704 762 cum
733 713 959 774 apostolicis
990 728 1033 760 et
1062 722 1301 773 evangelicis

115 797 308 834 imbribus
345 794 635 845 profuderunt:
675 794 920 831 miscebatur
952 805 1083 830 sermo
1119 794 1301 841 proprius

115 878 206 903 cum
235 866 382 910 divino,
411 870 454 903 et
482 865 729 902 adsertiones
756 862 1056 901 molestissimas
1084 861 1302 899 lectionum

116 938 349 974 testimonia
363 935 659 985 sequebantur:
689 935 936 970 convincitur
950 934 1119 976 vanitas,
1134 931 1303 981 perfidia

117 1005 372 1049 confutatur3
395 1007 454 1042 ita
478 1009 525 1041 ut
550 1003 601 1040 ad
624 1002 799 1054 singulas
820 1003 1033 1040 verborum
1055 1001 1300 1039 obiectiones

118 1088 249 1113 errare
265 1088 322 1119 se,
339 1074 435 1112 dum
450 1074 693 1124 respondere
710 1074 880 1123 nequiit,
895 1071 1115 1109 fateretur:
1131 1070 1302 1121 populus

118 1145 268 1183 arbiter
289 1146 354 1181 vix
375 1156 517 1181 manus
539 1145 734 1187 continet,
755 1142 946 1179 iudicium
967 1146 1106 1178 tamen
1128 1139 1301 1177 clamore

117 1219 305 1252 testatur.

570 1349 686 1388 CAP.
724 1349 864 1386 XVIII

125 1447 173 1485 Ut
191 1446 284 1484 idem
292 1446 421 1496 filiam
436 1444 571 1482 tribuni
585 1458 728 1482 caecam
748 1443 1031 1487 inluminanerit,
1048 1457 1091 1480 ac
1105 1442 1235 1480 deinde
1253 1441 1302 1480 ad

218 1506 383 1538 sanctum
418 1499 600 1536 Albanam
631 1497 859 1549 perveniens,
893 1497 1069 1548 reliquias
1104 1497 1234 1534 ibidem
1269 1502 1302 1533 et

218 1553 336 1604 ipsius
381 1552 570 1603 acceperit,
615 1557 649 1588 et
694 1551 876 1588 beatorum
922 1551 1181 1601 apostolorum,
1227 1549 1303 1587 sive

220 1607 375 1644 aliorum
395 1611 595 1657 martyrum
610 1604 787 1656 posuerit.

167 1704 261 1741 Ttm
298 1703 432 1740 subito
476 1702 639 1753 quidam
683 1702 917 1739 tribunitiae
954 1703 1168 1751 potestatis
1210 1713 1300 1737 cum

118 1776 288 1824 coniuge
311 1772 494 1823 procedit
516 1774 558 1808 in
580 1771 773 1815 medium,
797 1770 918 1807 filiam
942 1771 1083 1808 decem
1107 1783 1300 1806 annorum

118 1856 279 1880 caecam
311 1842 527 1880 curandam
565 1840 838 1878 sacerdotibus
876 1839 1059 1883 offerens,
1087 1852 1208 1889 quam
1246 1838 1300 1875 illi

119 1913 352 1950 adversariis
373 1910 503 1948 offerri
532 1915 848 1962 praeceperunt:
892 1909 965 1946 sed
993 1908 1034 1945 lu·
1058 1910 1302 1946 conscientia

122 2058 168 2097 82
