1473 2322
440 117 552 154 THE
589 116 919 154 VENERABLE
953 116 1101 154 BEDE

179 233 329 270 ponere
367 219 536 264 solebat,
576 226 621 257 et
658 225 750 269 post
789 225 949 257 noctem
989 220 1125 258 ablata
1160 221 1366 271 superficie

178 276 383 317 crassiore,
415 276 501 323 ipse
534 273 742 310 residuum
775 286 867 310 cum
899 273 1072 318 modico,
1104 279 1151 311 ut
1183 275 1368 317 diximus,

178 339 284 376 pane
324 326 504 363 bibebat.
561 326 683 363 Cuius
724 327 890 364 modum
931 329 1204 364 continentiae
1245 330 1365 364 etiam

180 379 449 430 quadraginta
487 379 629 417 diebus
669 385 765 416 ante
805 379 941 416 natale
981 379 1158 422 Domini,
1195 381 1368 418 totidem

178 445 339 484 quoque
364 438 457 482 post
481 438 646 482 peracta
667 432 875 469 sollemnia
901 438 1171 482 pentecostes,
1191 433 1265 470 hoc
1291 439 1366 477 est,

181 488 553 536 quinquagesimae,
572 498 731 536 semper
749 486 959 522 observare
979 486 1156 523 curabat.

617 702 733 740 CAP.
770 702 948 739 XXVIII

184 787 234 826 Ut
270 786 442 839 defuncto
484 787 607 832 Tuda,
648 787 796 846 Ῑίζβνίἅ
829 787 867 825 in
905 787 1047 833 Gallia,
1086 787 1236 826 ceadda
1270 787 1370 838 apud

285 840 536 878 occzcientales
569 839 749 884 Saxones,
781 853 820 877 m
848 839 1076 890 provinciam
1109 840 1368 892 N-ordanlzym

284 893 428 931 brorum
448 893 522 931 sint
541 892 700 930 ordinati
719 893 888 945 episcopi.

231 983 409 1020 INTEREA
430 995 501 1020 rex
523 981 705 1020 Alchfrid
725 985 835 1020 misit
856 982 1067 1021 vilfridum
1088 984 1369 1035 presbyterum

180 1037 231 1075 ad
249 1050 390 1088 regem
412 1036 649 1081 Galliarum,
671 1039 739 1087 qui
761 1049 853 1074 eum
875 1037 949 1074 sibi
970 1041 1131 1088 suisque
1151 1040 1370 1075 consecrari

179 1090 335 1128 faceret
364 1093 609 1140 episcopum.
664 1091 722 1128 At
751 1090 816 1128 ille
845 1093 955 1128 misit
984 1104 1076 1128 eum
1105 1091 1369 1129 ordinandum

180 1144 231 1182 ad
256 1144 577 1195 Agilberectum,
602 1143 654 1181 de
679 1157 758 1194 quo
783 1157 903 1194 supra
927 1145 1115 1189 diximus,
1140 1148 1208 1195 qui
1231 1145 1371 1182 relicta

180 1198 394 1242 Brittania,
420 1197 644 1235 Parisiacae
670 1200 845 1235 civitatis
869 1197 1000 1235 factus
1026 1204 1114 1236 erat
1140 1201 1370 1249 episcopus;

181 1258 224 1289 et
267 1257 521 1289 consecratus
565 1257 627 1289 aet
666 1264 815 1303 magno
856 1264 946 1289 cum
988 1251 1138 1290 honore
1180 1252 1231 1289 ab
1271 1255 1371 1302 ipso,

179 1306 512 1343 convenientibus
541 1304 720 1355 plurimis
752 1307 946 1356 episcopis
975 1308 1016 1342 in
1046 1309 1131 1343 vico
1160 1308 1272 1357 regio
1303 1308 1370 1355 qui

180 1364 346 1397 vocatur
372 1359 419 1396 In
444 1359 706 1408 Compendio.
762 1358 853 1405 Quo
878 1358 1008 1396 adhuc
1033 1362 1072 1396 in
1097 1361 1370 1397 transmarinis

179 1412 363 1463 partibus
396 1418 562 1463 propter
589 1413 882 1450 ordinationem
911 1413 1162 1457 demorante,
1191 1415 1370 1450 imitatus

179 1466 418 1504 industriam
461 1466 528 1503 filii
570 1479 642 1503 rex
686 1466 824 1510 Osuio,
865 1469 975 1504 misit
1016 1466 1201 1504 Cantiam
1243 1469 1370 1504 virum

179 1526 379 1564 sanetum,
405 1520 633 1557 modestum
660 1520 851 1564 moribus,
877 1518 1172 1570 Scripturarum
1197 1520 1371 1558 lectione

181 1575 426 1611 sufficienter
465 1576 719 1617 instructum,
761 1579 804 1611 et
845 1586 893 1610 ea
934 1586 1038 1624 quae
1078 1576 1119 1611 in
1159 1573 1370 1624 Scripturis

182 1628 341 1678 agenda
361 1627 570 1671 didicerat,
589 1627 774 1677 operibus
795 1626 978 1664 sollerter
998 1633 1285 1677 exequentem,
1303 1628 1370 1677 qui

180 1681 445 1718 Eburacensis
479 1680 670 1718 ecclesiae
703 1681 955 1718 ordinaretur
988 1683 1207 1731 episcopus.
1272 1680 1371 1717 Erat

181 1740 319 1772 autem
339 1734 553 1784 presbyter
573 1733 765 1771 vocabulo
786 1734 963 1778 Ceadda,
984 1733 1110 1771 frater
1134 1735 1371 1771 reverentis-

180 1790 268 1825 simi
299 1790 492 1825 antistitis
525 1788 666 1831 Occidi,
697 1790 808 1824 cuius
839 1790 997 1837 saepius
1028 1789 1297 1831 meminimus,
1329 1791 1372 1824 et

181 1842 305 1879 abbas
338 1844 572 1878 monasterii
605 1841 709 1878 illius
743 1840 851 1891 quod
885 1847 1050 1878 vocatur
1084 1840 1369 1891 Laestmgaeu.

299 2002 311 2021 ¹
333 2000 507 2035 Clothaire
523 2000 590 2039 ΙΙΙ,
608 2001 689 2043 king
707 2001 741 2033 of
758 2000 930 2041 Neustria,
948 2001 1104 2035 Wesoern
1119 2000 1258 2033 Franoe.

180 2075 252 2110 490
