1473 2322
436 151 548 188 THE
583 149 914 189 VENERABLE
951 150 1100 189 BEDE

176 252 371 289 brandani
388 251 701 296 commendavit,
720 263 743 288 a
760 250 1032 290 celebratione
1050 254 1172 290 vestri
1190 253 1362 302 paschae

176 306 358 343 funditus
383 305 621 342 eliminatis:
660 307 811 355 sicque,
835 311 881 342 ut
906 305 1003 350 dixi,
1026 308 1067 342 in
1091 305 1363 345 celebratione

176 372 357 397 summae
391 358 638 404 festivitatis,
673 372 805 408 neque
842 358 1025 403 Iohanni,
1059 373 1192 410 neque
1228 360 1363 405 Petro,

177 426 310 462 neque
340 412 455 462 Legi,
483 426 617 462 neque
645 411 866 462 Evangelio
894 413 1185 451 concordatis.'’

227 466 300 504 His
331 472 471 503 contra
503 466 740 503 Colmanus:
787 466 809 479 “
830 466 1078 516 Numquid,”
1111 469 1182 512 ait,
1214 466 1364 505 “Ana-

175 520 296 557 tolius
315 522 374 557 vir
392 525 568 565 sanctus,
589 526 631 558 et
650 522 690 556 in
709 519 895 570 praefata
913 520 1078 557 historia
1097 520 1365 558 ecclesiastica

175 573 349 611 multum
392 573 596 619 laudatus,
643 573 745 623 Legi
790 573 855 611 vel
899 574 1121 624 Evangelio
1165 578 1365 612 contraria

176 630 324 678 sapuit,
358 630 426 677 qui
461 640 485 664 a
518 632 664 678 quarta
698 628 854 665 decima
888 641 1015 678 usque
1050 629 1102 666 ad
1135 631 1364 666 vicesimam

176 681 325 731 pascha
365 681 652 719 celebrandum
694 681 878 731 scripsit?
932 681 1139 732 Numquid
1180 695 1364 721 reveren-

176 738 374 773 tissimum
396 741 555 785 patrem
577 740 758 772 nostrum
781 734 1032 781 Columbam,
1055 742 1098 774 et
1118 749 1364 775 successores

176 792 261 827 eius
297 791 399 826 viros
435 788 526 826 Deo
561 788 744 834 dilectos,
779 791 847 838 qui
883 789 1027 827 eodem
1062 790 1181 827 modo
1216 790 1366 840 pascha

174 843 374 887 facerunt,
392 843 534 880 divinis
552 845 709 893 paginis
726 845 926 880 contraria
943 846 1137 893 sapuisse,
1154 843 1217 882 vel
1235 847 1364 894 egisse

175 897 423 935 credendum
441 896 530 933 est?
585 896 686 933 Cum
705 895 863 946 plurimi
881 896 1033 935 fuerint
1049 900 1089 934 in
1107 900 1178 942 eis,
1195 911 1365 948 quorum

176 953 384 988 sanctitati
407 949 598 987 caelestia
619 952 747 1000 signa,
771 956 814 988 et
836 953 1031 988 virtutum
1054 964 1158 1001 quae
1181 951 1366 990 fecerunt

176 1003 381 1049 miracula,
393 1006 670 1041 testimonium
683 1005 958 1054 praebuerunt
972 1019 981 1041 z
998 1018 1097 1054 quos
1109 1008 1193 1055 ipse
1207 1012 1365 1043 sanctos

177 1072 264 1097 esse
294 1072 373 1095 non
403 1058 608 1103 dubitans,
638 1071 797 1107 semper
827 1072 965 1096 eorum
995 1061 1133 1104 vitam,
1162 1073 1292 1097 mores
1323 1065 1366 1097 et

176 1112 426 1162 disciplinam
453 1114 567 1161 sequi
593 1125 673 1148 non
699 1111 891 1149 desisto.”

228 1168 285 1203 At
328 1165 541 1202 Vilfridus:
600 1165 622 1178 “
643 1165 854 1210 Constat,''
898 1167 1044 1216 inquit,
1088 1165 1111 1180 ‘⁴
1130 1166 1364 1204 Anatolium

178 1222 305 1256 virum
347 1221 657 1264 sanctissimum,
699 1219 988 1264 doctissimum,
1030 1232 1076 1257 ac
1115 1219 1235 1258 laude
1278 1233 1364 1258 esse

176 1273 476 1323 dignissimum3
512 1273 584 1311 sed
606 1273 703 1322 quid
724 1274 834 1311 vobis
857 1286 947 1310 cum
969 1273 1050 1318 illo,
1071 1286 1163 1311 cum
1184 1287 1259 1312 nec
1281 1277 1365 1312 eius

175 1328 341 1365 decreta
366 1327 561 1364 servetis?
616 1326 689 1365 Ille
716 1330 822 1365 enim
848 1329 888 1364 in
914 1327 1063 1377 pascha
1087 1341 1159 1365 suo
1184 1327 1365 1378 regulam

175 1383 317 1431 utique
343 1383 525 1418 veritatis
551 1393 739 1431 sequens,
766 1381 957 1418 circulum
983 1381 1125 1419 decem
1152 1387 1195 1420 et
1220 1395 1365 1420 novem

177 1448 371 1472 annorum
388 1437 537 1484 posuit,
554 1448 675 1484 quem
694 1448 762 1472 vos
780 1441 851 1472 aut
868 1438 1075 1482 ignoratis,
1093 1440 1164 1472 aut
1181 1438 1364 1484 agnitum

176 1495 219 1527 et
240 1502 264 1526 a
284 1494 375 1526 tota
396 1488 543 1526 Christi
566 1488 734 1527 ecclesia
755 1490 1016 1533 custoditum,
1037 1502 1109 1538 pro
1129 1488 1252 1527 nihilo
1273 1502 1365 1527 con-

175 1545 370 1581 temnitis.
427 1542 500 1580 Ille
545 1545 600 1579 sic
643 1545 684 1580 in
728 1542 877 1593 pascha
921 1542 1133 1580 Dominico
1178 1549 1364 1593 quartam

176 1597 374 1635 decimam
393 1596 531 1633 lunam
552 1600 816 1646 computavit,
837 1603 884 1634 ut
904 1596 1007 1634 hanc
1028 1597 1171 1635 eadem
1192 1600 1279 1647 ipsa
1299 1598 1363 1635 die

174 1664 285 1688 more
327 1651 625 1700 Aegyptiorum
667 1653 851 1699 quintam
894 1651 1092 1688 decimam
1133 1650 1270 1688 lunam
1314 1651 1364 1689 ad

175 1717 385 1753 vesperam
419 1716 506 1742 esse
540 1703 751 1741 fateretur.
806 1703 869 1741 Sic
902 1707 1002 1742 item
1035 1707 1264 1742 vicesimam
1298 1705 1363 1743 die

176 1758 388 1795 Dominico
433 1756 607 1807 paschae
653 1758 877 1803 adnotavit,
923 1764 969 1795 ut
1014 1758 1117 1795 hanc
1162 1758 1362 1797 declinata

220 1944 234 2004 ἒ
255 1943 441 2016 ξὲθῖξξοῗέ
458 1984 512 2016 for
530 1984 759 2025 deber-mining
778 1994 822 2015 on
841 1983 937 2016 what
959 1984 1029 2026 day
1051 1984 1111 2016 the
1132 1985 1278 2017 Paschal
1299 1985 1362 2017 full

175 2037 279 2058 moon
293 2019 406 2058 would
420 2028 492 2061 fall.
538 2028 610 2061 The
624 2027 724 2063 Scots
737 2027 895 2061 retained
908 2037 954 2060 an
968 2027 1025 2060 old
1039 2028 1132 2072 cyclo
1146 2029 1182 2061 of.
1196 2031 1237 2062 84
1249 2039 1359 2074 yearS.

174 2100 245 2138 472
