1473 2322
436 143 547 180 THE
583 140 914 179 VENERABLE
950 140 1098 178 BEDE

175 249 408 295 accepisses,
424 258 498 282 nec
521 257 651 294 poena
676 245 761 281 eius
783 246 825 279 in
848 249 891 280 te
915 242 1118 280 arderet.’'
1171 243 1225 279 Et
1247 243 1361 292 plura

174 300 345 343 loeutus,
377 298 474 348 quid
505 311 602 347 erga
632 296 805 334 salutem
837 310 975 335 eorum
1007 298 1076 346 qui
1107 296 1159 333 ad
1188 302 1362 333 mortem

177 355 446 402 poeniterent,
469 358 576 389 esset
598 351 816 401 agendum,
837 349 985 387 salubri
1007 363 1190 387 sermone
1212 350 1361 388 docuit.

175 406 254 452 Qui
288 405 546 455 postmodum
579 407 620 442 in
654 418 818 454 corpore
851 406 1079 448 restitutus,
1113 406 1222 440 omni
1255 405 1363 441 vitae

174 473 271 498 suae
287 466 470 509 tempore
487 462 646 509 signum
662 458 836 496 incendii
852 457 961 508 quod
975 460 1016 494 in
1033 459 1167 494 anima
1181 456 1364 507 pertulit,

178 513 328 551 visibile
375 515 528 550 cunctis
575 515 615 549 in
661 512 829 549 humero
874 510 1119 561 maxillaque
1166 513 1364 560 portavit:

176 571 401 618 mirumque
430 570 471 604 in
499 567 664 604 modum
694 566 803 616 quod
832 567 966 602 anima
993 568 1034 602 in
1062 563 1219 602 occulto
1247 577 1363 615 passa

176 624 241 666 sit,
282 635 373 659 caro
413 620 547 670 palam
587 620 952 670 praemonstrabat.
1006 618 1186 656 Curabat
1226 624 1364 656 autem

176 689 348 725 semper,
383 676 487 712 sicut
521 679 564 712 et
597 679 720 711 antea
751 672 886 711 facere
920 677 1147 717 consuerat,
1180 673 1365 710 omnibus

177 743 275 779 opus
302 731 498 766 virtutum
526 733 568 766 et
597 727 792 777 exemplis
818 727 1034 764 ostendere
1062 732 1105 764 et
1130 726 1364 776 praedicare

177 783 439 821 sermonibus.
495 781 690 819 Ordinem
713 786 851 818 autem
874 783 1070 817 visionum
1092 793 1268 824 suarum,
1289 779 1366 817 illis

177 835 426 874 solummodo
463 838 531 884 qui
567 840 733 884 propter
769 833 1013 871 desiderium
1049 836 1366 883 compunctionis

177 890 497 939 interrogabant,
536 901 739 938 exponere
776 886 951 925 volebat.
1005 886 1199 937 Superest
1236 886 1367 925 adhuc

177 944 303 981 frater
333 943 496 993 quidam
526 945 659 979 senior
687 943 920 979 monasterii
950 943 1076 978 nostri
1106 943 1174 991 qui
1204 953 1366 979 narrare

179 997 294 1041 solet,
336 997 482 1034 dixisse
523 996 597 1032 sibi
638 995 843 1046 quendam
882 994 1057 1032 multum
1096 1007 1280 1032 veracem
1321 1008 1367 1032 ac

179 1051 408 1101 religiosum
427 1049 646 1094 hominem,
667 1049 776 1099 quod
794 1051 926 1098 ipsum
947 1048 1142 1086 Furseum
1161 1048 1308 1086 viderit
1325 1051 1367 1086 in

178 1107 380 1155 provincia
397 1103 666 1142 Orientalium
689 1102 928 1153 Anglorum‚
943 1101 1112 1153 illasque
1129 1104 1299 1140 visiones
1316 1116 1367 1140 ex

178 1161 301 1208 ipsius
336 1171 404 1196 ore
440 1157 635 1195 audierit:
679 1156 869 1194 adiiciens
898 1158 993 1206 quia
1026 1162 1189 1206 tempus
1223 1155 1366 1194 hiemis

179 1212 301 1250 fuerit
324 1213 575 1255 acerrimum,
599 1216 642 1248 et
662 1209 791 1260 glacie
813 1212 1089 1254 constrictum,
1109 1223 1202 1247 cum
1223 1210 1367 1248 sedens

180 1270 217 1303 in
232 1268 347 1304 tenui
359 1270 473 1303 veste
487 1267 558 1309 vir,
572 1267 629 1301 ita
641 1266 748 1301 inter
761 1263 977 1301 dicendum
989 1269 1155 1313 propter
1166 1266 1368 1314 magnitu-

180 1319 346 1357 <linem1
381 1321 595 1356 memorati
631 1319 784 1355 timoris
819 1316 883 1355 vel
917 1319 1142 1363 suavitatis,
1178 1320 1291 1368 quasi
1326 1320 1367 1356 in

180 1374 313 1411 media
335 1375 502 1409 aestatis
524 1377 710 1409 caumate
733 1371 949 1408 sudaverit.

231 1427 332 1463 Cum
355 1439 464 1476 ergo,
486 1431 532 1462 ut
553 1425 605 1462 ad
625 1427 830 1474 superiora
849 1425 1076 1467 redeamus,
1097 1423 1233 1460 multis
1256 1427 1368 1461 annis

181 1484 220 1516 in
238 1480 391 1517 Scottia
410 1480 577 1518 verbum
594 1478 674 1516 Dei
692 1479 877 1516 omnibus
896 1479 1152 1521 adnuntians,
1170 1477 1368 1515 tumultus

180 1536 427 1572 inruentium
448 1534 657 1570 turbarum
678 1546 758 1569 non
778 1531 896 1569 facile
916 1531 1055 1576 ferret,
1075 1531 1224 1569 relictis
1243 1534 1368 1569 omni-

182 1589 254 1625 bus
285 1601 389 1638 quae
418 1586 569 1625 habere
599 1586 826 1631 videbatur,
856 1586 907 1622 ab
935 1588 1023 1635 ipsa
1051 1599 1211 1635 quoque
1241 1585 1369 1623 insula

181 1644 311 1691 patria
325 1642 506 1679 discessit
521 1654 529 1677 ε
558 1645 600 1678 et
613 1642 749 1689 paucis
762 1653 854 1677 cum
866 1638 1057 1676 fratribus
1070 1653 1142 1688 per
1154 1638 1369 1677 Brettones

181 1699 221 1732 in
247 1697 490 1745 proxinciam
517 1693 741 1744 Anglorum
767 1693 946 1737 devenit,
971 1694 1107 1742 ibique
1133 1693 1369 1742 praedicans

182 1750 363 1794 verbum,
386 1754 432 1786 ut
455 1749 642 1793 diximus,
664 1749 953 1785 monasterium
975 1745 1108 1784 nobile
1131 1749 1367 1784 construxit.

184 1802 338 1849 Quibus
369 1804 447 1840 rite
479 1804 618 1852 gestis,
650 1803 815 1851 cupiens
847 1813 890 1839 se
923 1801 974 1838 ab
1005 1800 1190 1838 omnibus
1221 1799 1369 1839 saeculi

554 1901 566 1920 ¹
591 1901 658 1933 For
673 1900 930 1938 multitudinem,
947 1900 998 1932 Pl.

556 2019 569 2039 1
594 2019 653 2052 Le.
672 2019 821 2057 houna,
839 2019 882 2052 cf.
899 2029 933 2062 p.
953 2019 1004 2052 17.

184 2094 256 2128 424
