1473 2322
467 177 578 214 THE
616 177 943 215 VENERABLE
979 178 1125 216 BEDE

208 282 356 328 primus
405 293 556 324 eorum,
605 293 725 330 quem
773 280 960 325 diximus,
1009 280 1176 319 Eanfrid
1222 295 1393 333 regnum

207 338 490 375 Berniciorum.
546 338 625 385 Qui
669 345 841 389 uterque
885 353 956 378 rex
1000 346 1045 377 ut
1087 343 1238 378 terreni
1280 343 1394 392 regni

208 397 352 434 infulas
372 401 536 435 sortitus
558 404 634 443 est,
654 405 907 437 sacramenta
921 402 1035 449 regni
1050 400 1235 438 caelestis
1251 402 1395 451 quibus

208 459 389 494 initiatus
407 463 508 502 erat,
526 457 907 496 anathematizando
923 459 1114 508 prodidit,
1131 473 1177 497 ac
1199 473 1242 497 se
1258 462 1396 510 priscis

209 515 417 553 idolatriae
482 517 663 554 sordibus
729 517 989 567 polluendum
1063 519 1397 569 perdendumque

210 578 401 613 restituit.

260 635 344 673 Nec
379 648 504 680 mora,
542 641 758 685 utrumque
795 649 866 674 rex
901 635 1142 674 Brettonum
1179 636 1397 674 Ceadualla

209 697 331 745 impia
360 708 496 739 manu,
526 695 598 733 sed
626 698 733 732 iusta
762 695 915 733 ultione
945 698 1131 745 peremit.
1186 696 1241 733 Et
1269 699 1398 746 primo

209 755 373 804 quidem
392 757 576 804 proxima
602 760 759 792 aestate
781 755 980 799 osricum,
1001 755 1097 793 dum
1117 769 1159 793 se
1185 758 1227 792 in
1252 755 1399 806 oppido

210 817 425 864 municipio
440 817 657 852 temerarie
674 815 913 859 obsedisset,
930 828 1144 864 erumpens
1160 815 1295 852 subito
1308 827 1399 852 cum

209 877 288 911 suis
309 875 493 911 omnibus
514 876 758 923 imparatum
780 887 871 911 cum
892 879 980 911 toto
995 874 1010 897 ¹
1033 876 1215 911 exercitu
1235 873 1398 912 delevit.

210 933 317 971 Dein
331 946 422 970 cum
438 946 542 970 anno
558 935 716 983 integro
732 935 953 983 provincias
974 932 1399 984 Nordanhymbrorum

210 1007 289 1030 non
326 999 372 1030 ut
408 1006 479 1030 rex
519 995 645 1029 vietor
684 993 909 1042 possideret
947 993 1019 1031 sed
1055 995 1169 1043 quasi
1205 998 1401 1044 tyrannus

209 1055 390 1090 saeviens
429 1052 695 1102 disperderet,
725 1065 770 1089 ac
803 1054 958 1102 tragica
996 1052 1121 1090 caede
1150 1051 1401 1098 dilaceraret,

209 1113 377 1156 tandem
404 1111 644 1149 Eanfridum
672 1111 896 1150 inconsulte
924 1112 976 1149 ad
1001 1125 1045 1150 se
1071 1125 1163 1149 cum
1190 1112 1402 1151 duodecim

209 1172 324 1211 lectis
354 1171 563 1217 militibus,
588 1171 856 1222 postulandae
880 1174 990 1221 pacis
1015 1174 1148 1222 gratia
1170 1173 1401 1210 venientem

211 1231 330 1270 simili
369 1237 477 1269 sorte
529 1231 748 1269 damnavit.
805 1230 1011 1268 Infaustus
1061 1230 1129 1269 ille
1181 1244 1308 1269 annus
1359 1236 1402 1269 et

211 1292 395 1328 omnibus
426 1292 540 1329 bonis
572 1304 716 1328 exosus
748 1304 875 1340 usque
906 1290 1025 1328 hodie
1058 1296 1285 1340 permanet,
1315 1296 1402 1328 tam

210 1356 376 1401 propter
409 1353 653 1400 apostasiam
685 1363 828 1400 regum
862 1349 1086 1400 Anglorum
1120 1363 1200 1400 qua
1232 1364 1275 1388 se
1308 1350 1402 1389 fidei

211 1413 473 1449 sacramentis
499 1415 712 1455 exuerant,
737 1423 859 1459 quam
883 1415 1049 1459 propter
1074 1423 1262 1447 vesanam
1287 1409 1402 1448 Bret-

211 1473 333 1508 tonici
386 1472 491 1520 regis
543 1469 814 1520 tyrannidem.
871 1469 992 1506 Unde
1044 1471 1197 1506 cunctis
1249 1468 1403 1519 placuit

210 1544 352 1581 regum
378 1536 563 1579 tempora
588 1529 932 1579 computantibus²
959 1534 1006 1566 ut
1031 1528 1167 1566 ablata
1192 1528 1244 1566 de
1268 1528 1402 1566 medio

212 1604 352 1641 regum
385 1589 628 1639 perfidorum
659 1591 866 1632 memoria,
898 1588 1005 1626 idem
1037 1601 1163 1625 annus
1195 1590 1402 1638 sequentis

211 1653 330 1700 regis.
351 1650 392 1687 id
413 1655 489 1694 est,
512 1648 693 1692 Osualdi‚
711 1651 782 1685 viri
804 1648 894 1686 Deo
915 1647 1052 1685 dilecti
1073 1661 1197 1697 regno
1219 1647 1402 1697 adsigna-

211 1716 344 1748 retur:
385 1723 478 1759 quo,
505 1714 595 1758 post
620 1710 859 1746 occisionem
883 1707 1017 1744 fratris
1043 1707 1240 1751 Eanfridi,
1265 1719 1402 1756 super-

212 1772 400 1807 veniente
418 1782 509 1806 cum
527 1781 649 1817 parvo
668 1770 863 1812 exercitu,
880 1767 953 1805 sed
969 1767 1048 1804 fide
1067 1766 1215 1804 Christi
1231 1768 1402 1811 munito,

212 1828 400 1866 infandus
431 1827 672 1865 Brettonum
704 1827 785 1864 dux
818 1840 908 1864 cum
939 1829 1143 1864 immensis
1174 1825 1249 1863 illis
1280 1828 1401 1876 copiis

691 1905 704 1924 1
726 1906 778 1937 for
794 1916 863 1943 suo,
882 1905 934 1937 Pl.

258 1992 272 2012 ²
296 1992 503 2029 Eboracum,
539 1990 646 2029 York,
681 1991 742 2022 the
775 1991 903 2032 capital
937 1991 972 2022 of
1005 1991 1065 2022 the
1099 1993 1255 2032 country,
1292 1989 1401 2021 which

212 2035 408 2068 cadwallon
425 2045 496 2067 was
513 2034 597 2066 then
612 2035 649 2065 in
665 2035 873 2075 occupation
889 2033 934 2066 of.

212 2097 284 2144 326
