<?xml version="1.0" encoding="UTF-8"?>
<!DOCTYPE html PUBLIC "-//W3C//DTD XHTML 1.0 Transitional//EN"
    "http://www.w3.org/TR/xhtml1/DTD/xhtml1-transitional.dtd">
<html xmlns="http://www.w3.org/1999/xhtml" xml:lang="en" lang="en">
 <head>
  <title>
</title>
<meta http-equiv="Content-Type" content="text/html;charset=utf-8" />
  <meta name='ocr-system' content='tesseract 3.04.00' />
  <meta name='ocr-capabilities' content='ocr_page ocr_carea ocr_par ocr_line ocrx_word'/>
</head>
<body>
  <div class='ocr_page' id='page_1' title='image "./operahistorica01bedeuoft_0470.png"; bbox 0 0 1473 2322; ppageno 0'>
   <div class='ocr_carea' id='block_1_1' title="bbox 444 162 1104 200">
    <p class='ocr_par' dir='ltr' id='par_1_1' title="bbox 444 162 1104 200">
     <span class='ocr_line' id='line_1_1' title="bbox 444 162 1104 200; baseline 0 0"><span class='ocrx_word' id='word_1_1' title='bbox 444 163 556 200; x_wconf 90' lang='lat' dir='ltr'>THE</span> <span class='ocrx_word' id='word_1_2' title='bbox 593 162 922 200; x_wconf 88' lang='lat' dir='ltr'><strong>VENERABLE</strong></span> <span class='ocrx_word' id='word_1_3' title='bbox 957 162 1104 200; x_wconf 90' lang='lat' dir='ltr'><strong>BEDE</strong></span> 
     </span>
    </p>
   </div>
   <div class='ocr_carea' id='block_1_2' title="bbox 180 264 1369 585">
    <p class='ocr_par' dir='ltr' id='par_1_2' title="bbox 180 264 1369 585">
     <span class='ocr_line' id='line_1_2' title="bbox 180 264 1369 315; baseline 0 -12"><span class='ocrx_word' id='word_1_4' title='bbox 180 265 422 303; x_wconf 84' lang='lat' dir='ltr'>translatum</span> <span class='ocrx_word' id='word_1_5' title='bbox 440 271 501 303; x_wconf 87' lang='lat' dir='ltr'>est</span> <span class='ocrx_word' id='word_1_6' title='bbox 515 277 524 309; x_wconf 93' lang='lat'>;</span> <span class='ocrx_word' id='word_1_7' title='bbox 555 265 623 302; x_wconf 87' lang='lat' dir='ltr'>ubi</span> <span class='ocrx_word' id='word_1_8' title='bbox 638 267 785 303; x_wconf 88' lang='lat' dir='ltr'>merita</span> <span class='ocrx_word' id='word_1_9' title='bbox 799 264 903 302; x_wconf 85' lang='lat' dir='ltr'>illius</span> <span class='ocrx_word' id='word_1_10' title='bbox 918 264 1055 302; x_wconf 89' lang='lat' dir='ltr'>multis</span> <span class='ocrx_word' id='word_1_11' title='bbox 1071 278 1192 315; x_wconf 83' lang='lat' dir='ltr'>saepe</span> <span class='ocrx_word' id='word_1_12' title='bbox 1208 271 1369 304; x_wconf 82' lang='lat' dir='ltr'>constat</span> 
     </span>
     <span class='ocr_line' id='line_1_3' title="bbox 180 318 1367 370; baseline 0 -13"><span class='ocrx_word' id='word_1_13' title='bbox 180 319 272 358; x_wconf 89' lang='lat' dir='ltr'>Deo</span> <span class='ocrx_word' id='word_1_14' title='bbox 291 325 486 368; x_wconf 75' lang='lat' dir='ltr'>operante</span> <span class='ocrx_word' id='word_1_15' title='bbox 505 318 692 356; x_wconf 82' lang='lat' dir='ltr'>claruisse</span> <span class='ocrx_word' id='word_1_16' title='bbox 710 319 939 356; x_wconf 84' lang='lat' dir='ltr'>virtutibus.</span> <span class='ocrx_word' id='word_1_17' title='bbox 994 319 1108 357; x_wconf 90' lang='lat' dir='ltr'>Haec</span> <span class='ocrx_word' id='word_1_18' title='bbox 1125 320 1176 357; x_wconf 91' lang='lat' dir='ltr'>de</span> <span class='ocrx_word' id='word_1_19' title='bbox 1195 322 1367 370; x_wconf 85' lang='lat' dir='ltr'>corporis</span> 
     </span>
     <span class='ocr_line' id='line_1_4' title="bbox 183 373 1369 423; baseline 0 -12"><span class='ocrx_word' id='word_1_20' title='bbox 183 376 266 412; x_wconf 84' lang='lat' dir='ltr'>eius</span> <span class='ocrx_word' id='word_1_21' title='bbox 306 375 604 422; x_wconf 79' lang='lat' dir='ltr'>incorruptione</span> <span class='ocrx_word' id='word_1_22' title='bbox 645 373 822 411; x_wconf 88' lang='lat' dir='ltr'>breviter</span> <span class='ocrx_word' id='word_1_23' title='bbox 863 375 1086 422; x_wconf 78' lang='lat' dir='ltr'>attigimUS‚</span> <span class='ocrx_word' id='word_1_24' title='bbox 1127 379 1174 410; x_wconf 85' lang='lat' dir='ltr'>ut</span> <span class='ocrx_word' id='word_1_25' title='bbox 1215 379 1369 423; x_wconf 84' lang='lat' dir='ltr'>quanta</span> 
     </span>
     <span class='ocr_line' id='line_1_5' title="bbox 182 425 1365 476; baseline 0 -11"><span class='ocrx_word' id='word_1_26' title='bbox 182 432 291 465; x_wconf 89' lang='lat' dir='ltr'>esset</span> <span class='ocrx_word' id='word_1_27' title='bbox 331 429 402 463; x_wconf 84' lang='lat' dir='ltr'>viri</span> <span class='ocrx_word' id='word_1_28' title='bbox 443 426 668 463; x_wconf 89' lang='lat' dir='ltr'>sublimitas</span> <span class='ocrx_word' id='word_1_29' title='bbox 707 425 938 476; x_wconf 87' lang='lat' dir='ltr'>legentibus</span> <span class='ocrx_word' id='word_1_30' title='bbox 980 429 1114 463; x_wconf 88' lang='lat' dir='ltr'>notius</span> <span class='ocrx_word' id='word_1_31' title='bbox 1156 429 1365 465; x_wconf 80' lang='lat' dir='ltr'>existeret.</span> 
     </span>
     <span class='ocr_line' id='line_1_6' title="bbox 182 479 1368 527; baseline 0.001 -9"><span class='ocrx_word' id='word_1_32' title='bbox 182 480 297 527; x_wconf 83' lang='lat' dir='ltr'>Quae</span> <span class='ocrx_word' id='word_1_33' title='bbox 315 486 460 517; x_wconf 85' lang='lat' dir='ltr'>cuncta</span> <span class='ocrx_word' id='word_1_34' title='bbox 477 483 517 517; x_wconf 91' lang='lat' dir='ltr'>in</span> <span class='ocrx_word' id='word_1_35' title='bbox 533 479 670 518; x_wconf 87' lang='lat' dir='ltr'>libello</span> <span class='ocrx_word' id='word_1_36' title='bbox 688 482 772 518; x_wconf 91' lang='lat' dir='ltr'>eius</span> <span class='ocrx_word' id='word_1_37' title='bbox 789 480 1048 517; x_wconf 86' lang='lat' dir='ltr'>sufficientius</span> <span class='ocrx_word' id='word_1_38' title='bbox 1066 480 1137 517; x_wconf 92' lang='lat' dir='ltr'>sed</span> <span class='ocrx_word' id='word_1_39' title='bbox 1155 486 1197 518; x_wconf 90' lang='lat' dir='ltr'>et</span> <span class='ocrx_word' id='word_1_40' title='bbox 1215 481 1266 518; x_wconf 90' lang='lat' dir='ltr'>de</span> <span class='ocrx_word' id='word_1_41' title='bbox 1283 481 1368 519; x_wconf 83' lang='lat' dir='ltr'>aliis</span> 
     </span>
     <span class='ocr_line' id='line_1_7' title="bbox 181 533 1264 585; baseline -0.001 -13"><span class='ocrx_word' id='word_1_42' title='bbox 181 533 518 572; x_wconf 79' lang='lat' dir='ltr'>commilitonibus</span> <span class='ocrx_word' id='word_1_43' title='bbox 544 536 682 584; x_wconf 83' lang='lat' dir='ltr'>ipsius,</span> <span class='ocrx_word' id='word_1_44' title='bbox 708 537 877 585; x_wconf 84' lang='lat' dir='ltr'>quisque</span> <span class='ocrx_word' id='word_1_45' title='bbox 902 533 1049 584; x_wconf 88' lang='lat' dir='ltr'>legerit</span> <span class='ocrx_word' id='word_1_46' title='bbox 1073 536 1264 573; x_wconf 82' lang='lat' dir='ltr'>inveniet.</span> 
     </span>
    </p>
   </div>
   <div class='ocr_carea' id='block_1_3' title="bbox 659 751 891 790">
    <p class='ocr_par' dir='ltr' id='par_1_3' title="bbox 659 751 891 790">
     <span class='ocr_line' id='line_1_8' title="bbox 659 751 891 790; baseline 0 -1"><span class='ocrx_word' id='word_1_47' title='bbox 659 751 775 790; x_wconf 91' lang='lat' dir='ltr'>CAP.</span> <span class='ocrx_word' id='word_1_48' title='bbox 814 752 891 789; x_wconf 91' lang='lat' dir='ltr'>XX</span> 
     </span>
    </p>
   </div>
   <div class='ocr_carea' id='block_1_4' title="bbox 187 829 1369 989">
    <p class='ocr_par' dir='ltr' id='par_1_4' title="bbox 187 829 1369 989">
     <span class='ocr_line' id='line_1_9' title="bbox 187 829 1368 881; baseline 0 -13"><span class='ocrx_word' id='word_1_49' title='bbox 187 830 237 869; x_wconf 80' lang='lat' dir='ltr'>Ut</span> <span class='ocrx_word' id='word_1_50' title='bbox 257 829 432 881; x_wconf 66' lang='lat' dir='ltr'>dqfimcto</span> <span class='ocrx_word' id='word_1_51' title='bbox 453 829 634 874; x_wconf 76' lang='lat' dir='ltr'>Honorio,</span> <span class='ocrx_word' id='word_1_52' title='bbox 653 829 870 880; x_wconf 69' lang='lat' dir='ltr'>pontfficaiu</span> <span class='ocrx_word' id='word_1_53' title='bbox 891 829 939 867; x_wconf 78' lang='lat' dir='ltr'>sit</span> <span class='ocrx_word' id='word_1_54' title='bbox 948 829 1111 881; x_wconf 75' lang='lat' dir='ltr'>functus</span> <span class='ocrx_word' id='word_1_55' title='bbox 1130 830 1336 868; x_wconf 74' lang='lat' dir='ltr'>Deusdedit</span> <span class='ocrx_word' id='word_1_56' title='bbox 1352 847 1368 874; x_wconf 83' lang='lat'>,-</span> 
     </span>
     <span class='ocr_line' id='line_1_10' title="bbox 281 883 1369 936; baseline 0.001 -15"><span class='ocrx_word' id='word_1_57' title='bbox 281 889 316 921; x_wconf 79' lang='lat' dir='ltr'>et</span> <span class='ocrx_word' id='word_1_58' title='bbox 344 883 408 934; x_wconf 84' lang='lat' dir='ltr'>qui</span> <span class='ocrx_word' id='word_1_59' title='bbox 436 883 475 920; x_wconf 81' lang='lat' dir='ltr'>in</span> <span class='ocrx_word' id='word_1_60' title='bbox 505 889 662 933; x_wconf 82' lang='lat' dir='ltr'>tempore</span> <span class='ocrx_word' id='word_1_61' title='bbox 690 883 754 920; x_wconf 78' lang='lat' dir='ltr'>illo</span> <span class='ocrx_word' id='word_1_62' title='bbox 785 883 1027 921; x_wconf 79' lang='lat' dir='ltr'>Orientalium</span> <span class='ocrx_word' id='word_1_63' title='bbox 1058 884 1276 934; x_wconf 81' lang='lat' dir='ltr'>Anglorum,</span> <span class='ocrx_word' id='word_1_64' title='bbox 1305 885 1369 936; x_wconf 81' lang='lat' dir='ltr'>qui</span> 
     </span>
     <span class='ocr_line' id='line_1_11' title="bbox 282 936 1066 989; baseline 0.001 -15"><span class='ocrx_word' id='word_1_65' title='bbox 282 936 488 989; x_wconf 76' lang='lat' dir='ltr'>Hrofensz&#39;s</span> <span class='ocrx_word' id='word_1_66' title='bbox 513 936 685 974; x_wconf 79' lang='lat' dir='ltr'>ecclesiae</span> <span class='ocrx_word' id='word_1_67' title='bbox 698 936 850 988; x_wconf 81' lang='lat' dir='ltr'>fuerint</span> <span class='ocrx_word' id='word_1_68' title='bbox 875 937 1066 975; x_wconf 79' lang='lat' dir='ltr'>antistites.</span> 
     </span>
    </p>
   </div>
   <div class='ocr_carea' id='block_1_5' title="bbox 179 1013 1371 1925">
    <p class='ocr_par' dir='ltr' id='par_1_5' title="bbox 179 1013 1371 1925">
     <span class='ocr_line' id='line_1_12' title="bbox 233 1013 1369 1065; baseline 0.001 -14"><span class='ocrx_word' id='word_1_69' title='bbox 233 1014 411 1051; x_wconf 60' lang='lat' dir='ltr'>lxmam</span> <span class='ocrx_word' id='word_1_70' title='bbox 446 1013 639 1052; x_wconf 86' lang='lat' dir='ltr'>defuncto</span> <span class='ocrx_word' id='word_1_71' title='bbox 675 1013 807 1051; x_wconf 83' lang='lat' dir='ltr'>Felice</span> <span class='ocrx_word' id='word_1_72' title='bbox 843 1013 1111 1052; x_wconf 79' lang='lat' dir='ltr'>Orientalium</span> <span class='ocrx_word' id='word_1_73' title='bbox 1145 1015 1369 1065; x_wconf 86' lang='lat' dir='ltr'>Anglorum</span> 
     </span>
     <span class='ocr_line' id='line_1_13' title="bbox 183 1068 1369 1119; baseline 0.001 -13"><span class='ocrx_word' id='word_1_74' title='bbox 183 1071 369 1119; x_wconf 89' lang='lat' dir='ltr'>episcopo</span> <span class='ocrx_word' id='word_1_75' title='bbox 387 1073 480 1118; x_wconf 86' lang='lat' dir='ltr'>post</span> <span class='ocrx_word' id='word_1_76' title='bbox 499 1068 641 1105; x_wconf 91' lang='lat' dir='ltr'>decem</span> <span class='ocrx_word' id='word_1_77' title='bbox 661 1073 703 1105; x_wconf 90' lang='lat' dir='ltr'>et</span> <span class='ocrx_word' id='word_1_78' title='bbox 722 1073 881 1117; x_wconf 84' lang='lat' dir='ltr'>septem</span> <span class='ocrx_word' id='word_1_79' title='bbox 901 1081 1025 1105; x_wconf 88' lang='lat' dir='ltr'>annos</span> <span class='ocrx_word' id='word_1_80' title='bbox 1045 1071 1200 1118; x_wconf 87' lang='lat' dir='ltr'>accepti</span> <span class='ocrx_word' id='word_1_81' title='bbox 1221 1072 1369 1119; x_wconf 89' lang='lat' dir='ltr'>episco-</span> 
     </span>
     <span class='ocr_line' id='line_1_14' title="bbox 182 1121 1370 1173; baseline 0.001 -14"><span class='ocrx_word' id='word_1_82' title='bbox 182 1128 315 1173; x_wconf 80' lang='lat' dir='ltr'>patus,</span> <span class='ocrx_word' id='word_1_83' title='bbox 329 1122 530 1159; x_wconf 84' lang='lat' dir='ltr'>Honorius</span> <span class='ocrx_word' id='word_1_84' title='bbox 541 1121 628 1159; x_wconf 90' lang='lat' dir='ltr'>loco</span> <span class='ocrx_word' id='word_1_85' title='bbox 642 1124 726 1159; x_wconf 89' lang='lat' dir='ltr'>eius</span> <span class='ocrx_word' id='word_1_86' title='bbox 739 1122 938 1159; x_wconf 86' lang='lat' dir='ltr'>ordinavit</span> <span class='ocrx_word' id='word_1_87' title='bbox 949 1121 1144 1159; x_wconf 89' lang='lat' dir='ltr'>Thomam</span> <span class='ocrx_word' id='word_1_88' title='bbox 1158 1123 1370 1160; x_wconf 79' lang='lat' dir='ltr'>diaconum</span> 
     </span>
     <span class='ocr_line' id='line_1_15' title="bbox 183 1175 1369 1227; baseline 0.001 -13"><span class='ocrx_word' id='word_1_89' title='bbox 183 1180 267 1214; x_wconf 87' lang='lat' dir='ltr'>eius</span> <span class='ocrx_word' id='word_1_90' title='bbox 294 1177 344 1214; x_wconf 87' lang='lat' dir='ltr'>de</span> <span class='ocrx_word' id='word_1_91' title='bbox 370 1178 573 1226; x_wconf 87' lang='lat' dir='ltr'>provincia</span> <span class='ocrx_word' id='word_1_92' title='bbox 599 1175 864 1226; x_wconf 70' lang='lat' dir='ltr'>Gyruiorum:</span> <span class='ocrx_word' id='word_1_93' title='bbox 906 1181 949 1214; x_wconf 82' lang='lat' dir='ltr'>et</span> <span class='ocrx_word' id='word_1_94' title='bbox 973 1175 1048 1213; x_wconf 91' lang='lat' dir='ltr'>hoc</span> <span class='ocrx_word' id='word_1_95' title='bbox 1074 1182 1166 1226; x_wconf 90' lang='lat' dir='ltr'>post</span> <span class='ocrx_word' id='word_1_96' title='bbox 1191 1179 1369 1227; x_wconf 89' lang='lat' dir='ltr'>quinque</span> 
     </span>
     <span class='ocr_line' id='line_1_16' title="bbox 183 1229 1371 1279; baseline 0.001 -12"><span class='ocrx_word' id='word_1_97' title='bbox 183 1243 306 1267; x_wconf 87' lang='lat' dir='ltr'>annos</span> <span class='ocrx_word' id='word_1_98' title='bbox 333 1232 392 1267; x_wconf 91' lang='lat' dir='ltr'>sui</span> <span class='ocrx_word' id='word_1_99' title='bbox 420 1232 674 1279; x_wconf 75' lang='lat' dir='ltr'>episcopatus</span> <span class='ocrx_word' id='word_1_100' title='bbox 700 1229 751 1267; x_wconf 92' lang='lat' dir='ltr'>de</span> <span class='ocrx_word' id='word_1_101' title='bbox 777 1229 853 1266; x_wconf 91' lang='lat' dir='ltr'>hac</span> <span class='ocrx_word' id='word_1_102' title='bbox 877 1232 960 1267; x_wconf 87' lang='lat' dir='ltr'>vita</span> <span class='ocrx_word' id='word_1_103' title='bbox 986 1230 1207 1275; x_wconf 87' lang='lat' dir='ltr'>subtracto,</span> <span class='ocrx_word' id='word_1_104' title='bbox 1233 1230 1371 1268; x_wconf 83' lang='lat' dir='ltr'>Beret-</span> 
     </span>
     <span class='ocr_line' id='line_1_17' title="bbox 181 1282 1370 1334; baseline 0.002 -14"><span class='ocrx_word' id='word_1_105' title='bbox 181 1284 341 1334; x_wconf 84' lang='lat' dir='ltr'>gilsum‚</span> <span class='ocrx_word' id='word_1_106' title='bbox 359 1286 597 1334; x_wconf 84' lang='lat' dir='ltr'>cognomine</span> <span class='ocrx_word' id='word_1_107' title='bbox 617 1282 864 1320; x_wconf 79' lang='lat' dir='ltr'>Bonifatium</span> <span class='ocrx_word' id='word_1_108' title='bbox 884 1283 934 1321; x_wconf 89' lang='lat' dir='ltr'>de</span> <span class='ocrx_word' id='word_1_109' title='bbox 954 1286 1156 1333; x_wconf 85' lang='lat' dir='ltr'>provincia</span> <span class='ocrx_word' id='word_1_110' title='bbox 1175 1284 1370 1322; x_wconf 82' lang='lat' dir='ltr'>Cantuar-</span> 
     </span>
     <span class='ocr_line' id='line_1_18' title="bbox 181 1337 1370 1388; baseline 0.001 -13"><span class='ocrx_word' id='word_1_111' title='bbox 181 1341 311 1375; x_wconf 90' lang='lat' dir='ltr'>iorum</span> <span class='ocrx_word' id='word_1_112' title='bbox 324 1337 411 1374; x_wconf 91' lang='lat' dir='ltr'>loco</span> <span class='ocrx_word' id='word_1_113' title='bbox 428 1340 512 1375; x_wconf 89' lang='lat' dir='ltr'>eius</span> <span class='ocrx_word' id='word_1_114' title='bbox 529 1338 751 1374; x_wconf 73' lang='lat' dir='ltr'>substituit.</span> <span class='ocrx_word' id='word_1_115' title='bbox 806 1337 861 1374; x_wconf 89' lang='lat' dir='ltr'>Et</span> <span class='ocrx_word' id='word_1_116' title='bbox 875 1340 961 1387; x_wconf 90' lang='lat' dir='ltr'>ipse</span> <span class='ocrx_word' id='word_1_117' title='bbox 978 1350 1139 1388; x_wconf 87' lang='lat' dir='ltr'>quoque</span> <span class='ocrx_word' id='word_1_118' title='bbox 1154 1338 1370 1384; x_wconf 89' lang='lat' dir='ltr'>Honorius,</span> 
     </span>
     <span class='ocr_line' id='line_1_19' title="bbox 181 1390 1370 1442; baseline 0.002 -14"><span class='ocrx_word' id='word_1_119' title='bbox 181 1397 397 1442; x_wconf 84' lang='lat' dir='ltr'>postquam</span> <span class='ocrx_word' id='word_1_120' title='bbox 430 1397 561 1429; x_wconf 85' lang='lat' dir='ltr'>metas</span> <span class='ocrx_word' id='word_1_121' title='bbox 596 1393 655 1428; x_wconf 85' lang='lat' dir='ltr'>sui</span> <span class='ocrx_word' id='word_1_122' title='bbox 689 1404 826 1428; x_wconf 85' lang='lat' dir='ltr'>cursus</span> <span class='ocrx_word' id='word_1_123' title='bbox 859 1391 1055 1440; x_wconf 79' lang='lat' dir='ltr'>implevit,</span> <span class='ocrx_word' id='word_1_124' title='bbox 1089 1405 1141 1429; x_wconf 81' lang='lat' dir='ltr'>ex</span> <span class='ocrx_word' id='word_1_125' title='bbox 1173 1390 1249 1429; x_wconf 90' lang='lat' dir='ltr'>hac</span> <span class='ocrx_word' id='word_1_126' title='bbox 1280 1391 1370 1431; x_wconf 87' lang='lat' dir='ltr'>luce</span> 
     </span>
     <span class='ocr_line' id='line_1_20' title="bbox 181 1444 1370 1495; baseline 0.002 -14"><span class='ocrx_word' id='word_1_127' title='bbox 181 1448 369 1495; x_wconf 66' lang='lat' dir='ltr'>migravit</span> <span class='ocrx_word' id='word_1_128' title='bbox 392 1458 496 1482; x_wconf 89' lang='lat' dir='ltr'>anno</span> <span class='ocrx_word' id='word_1_129' title='bbox 520 1445 570 1482; x_wconf 92' lang='lat' dir='ltr'>ab</span> <span class='ocrx_word' id='word_1_130' title='bbox 592 1446 866 1482; x_wconf 76' lang='lat' dir='ltr'>incarnatione</span> <span class='ocrx_word' id='word_1_131' title='bbox 888 1444 1053 1482; x_wconf 88' lang='lat' dir='ltr'>Domini</span> <span class='ocrx_word' id='word_1_132' title='bbox 1076 1448 1370 1484; x_wconf 82' lang='lat' dir='ltr'>sexcentesimo</span> 
     </span>
     <span class='ocr_line' id='line_1_21' title="bbox 182 1498 1370 1549; baseline 0.001 -13"><span class='ocrx_word' id='word_1_133' title='bbox 182 1501 516 1549; x_wconf 86' lang='lat' dir='ltr'>quinquagesimo</span> <span class='ocrx_word' id='word_1_134' title='bbox 563 1501 700 1543; x_wconf 87' lang='lat' dir='ltr'>tertio,</span> <span class='ocrx_word' id='word_1_135' title='bbox 747 1499 875 1548; x_wconf 87' lang='lat' dir='ltr'>pridie</span> <span class='ocrx_word' id='word_1_136' title='bbox 926 1498 1201 1537; x_wconf 83' lang='lat' dir='ltr'>Kalendarum</span> <span class='ocrx_word' id='word_1_137' title='bbox 1248 1499 1370 1537; x_wconf 86' lang='lat' dir='ltr'>Octo-</span> 
     </span>
     <span class='ocr_line' id='line_1_22' title="bbox 181 1554 1369 1602; baseline 0 -11"><span class='ocrx_word' id='word_1_138' title='bbox 181 1554 334 1591; x_wconf 88' lang='lat' dir='ltr'>brium:</span> <span class='ocrx_word' id='word_1_139' title='bbox 381 1558 424 1591; x_wconf 86' lang='lat' dir='ltr'>et</span> <span class='ocrx_word' id='word_1_140' title='bbox 455 1558 639 1590; x_wconf 87' lang='lat' dir='ltr'>cessante</span> <span class='ocrx_word' id='word_1_141' title='bbox 672 1554 906 1602; x_wconf 83' lang='lat' dir='ltr'>episcopatu</span> <span class='ocrx_word' id='word_1_142' title='bbox 938 1565 1010 1602; x_wconf 89' lang='lat' dir='ltr'>per</span> <span class='ocrx_word' id='word_1_143' title='bbox 1041 1566 1191 1590; x_wconf 89' lang='lat' dir='ltr'>annum</span> <span class='ocrx_word' id='word_1_144' title='bbox 1223 1559 1266 1591; x_wconf 87' lang='lat' dir='ltr'>et</span> <span class='ocrx_word' id='word_1_145' title='bbox 1297 1566 1369 1591; x_wconf 86' lang='lat' dir='ltr'>sex</span> 
     </span>
     <span class='ocr_line' id='line_1_23' title="bbox 180 1605 1370 1656; baseline 0 -12"><span class='ocrx_word' id='word_1_146' title='bbox 180 1619 354 1650; x_wconf 80' lang='lat' dir='ltr'>menseS,</span> <span class='ocrx_word' id='word_1_147' title='bbox 378 1605 530 1644; x_wconf 87' lang='lat' dir='ltr'>electus</span> <span class='ocrx_word' id='word_1_148' title='bbox 559 1611 622 1644; x_wconf 91' lang='lat' dir='ltr'>est</span> <span class='ocrx_word' id='word_1_149' title='bbox 651 1605 970 1656; x_wconf 85' lang='lat' dir='ltr'>archiepiscopus</span> <span class='ocrx_word' id='word_1_150' title='bbox 998 1605 1216 1644; x_wconf 88' lang='lat' dir='ltr'>cathedrae</span> <span class='ocrx_word' id='word_1_151' title='bbox 1238 1606 1370 1644; x_wconf 83' lang='lat' dir='ltr'>Doru-</span> 
     </span>
     <span class='ocr_line' id='line_1_24' title="bbox 181 1659 1369 1710; baseline 0.001 -13"><span class='ocrx_word' id='word_1_152' title='bbox 181 1662 386 1699; x_wconf 68' lang='lat' dir='ltr'>vernensis</span> <span class='ocrx_word' id='word_1_153' title='bbox 409 1665 548 1698; x_wconf 85' lang='lat' dir='ltr'>sextus</span> <span class='ocrx_word' id='word_1_154' title='bbox 570 1659 801 1698; x_wconf 90' lang='lat' dir='ltr'>Deusdedit</span> <span class='ocrx_word' id='word_1_155' title='bbox 824 1660 875 1698; x_wconf 89' lang='lat' dir='ltr'>de</span> <span class='ocrx_word' id='word_1_156' title='bbox 898 1665 1023 1710; x_wconf 85' lang='lat' dir='ltr'>gente</span> <span class='ocrx_word' id='word_1_157' title='bbox 1047 1660 1369 1698; x_wconf 82' lang='lat' dir='ltr'>occidentalium</span> 
     </span>
     <span class='ocr_line' id='line_1_25' title="bbox 179 1713 1369 1763; baseline -0.001 -11"><span class='ocrx_word' id='word_1_158' title='bbox 179 1714 407 1752; x_wconf 74' lang='lat' dir='ltr'>Saxonum:</span> <span class='ocrx_word' id='word_1_159' title='bbox 458 1727 579 1763; x_wconf 90' lang='lat' dir='ltr'>quem</span> <span class='ocrx_word' id='word_1_160' title='bbox 615 1714 870 1751; x_wconf 78' lang='lat' dir='ltr'>ordinaturus</span> <span class='ocrx_word' id='word_1_161' title='bbox 902 1716 1014 1751; x_wconf 87' lang='lat' dir='ltr'>venit</span> <span class='ocrx_word' id='word_1_162' title='bbox 1046 1713 1139 1751; x_wconf 83' lang='lat' dir='ltr'>illuc</span> <span class='ocrx_word' id='word_1_163' title='bbox 1175 1713 1369 1760; x_wconf 85' lang='lat' dir='ltr'>Ithamar‚</span> 
     </span>
     <span class='ocr_line' id='line_1_26' title="bbox 182 1766 1368 1806; baseline 0.001 -1"><span class='ocrx_word' id='word_1_164' title='bbox 182 1771 352 1806; x_wconf 85' lang='lat' dir='ltr'>antistes</span> <span class='ocrx_word' id='word_1_165' title='bbox 384 1766 575 1805; x_wconf 87' lang='lat' dir='ltr'>ecclesiae</span> <span class='ocrx_word' id='word_1_166' title='bbox 607 1767 829 1805; x_wconf 85' lang='lat' dir='ltr'>Hrofensis.</span> <span class='ocrx_word' id='word_1_167' title='bbox 884 1767 1104 1805; x_wconf 77' lang='lat' dir='ltr'>Ordinatus</span> <span class='ocrx_word' id='word_1_168' title='bbox 1136 1774 1199 1805; x_wconf 88' lang='lat' dir='ltr'>est</span> <span class='ocrx_word' id='word_1_169' title='bbox 1230 1774 1368 1806; x_wconf 88' lang='lat' dir='ltr'>autem</span> 
     </span>
     <span class='ocr_line' id='line_1_27' title="bbox 181 1820 1368 1872; baseline -0.002 -12"><span class='ocrx_word' id='word_1_170' title='bbox 181 1823 246 1860; x_wconf 90' lang='lat' dir='ltr'>die</span> <span class='ocrx_word' id='word_1_171' title='bbox 263 1823 436 1872; x_wconf 90' lang='lat' dir='ltr'>septimo</span> <span class='ocrx_word' id='word_1_172' title='bbox 456 1820 729 1858; x_wconf 78' lang='lat' dir='ltr'>Kalendarum</span> <span class='ocrx_word' id='word_1_173' title='bbox 747 1820 959 1870; x_wconf 84' lang='lat' dir='ltr'>Aprilium,</span> <span class='ocrx_word' id='word_1_174' title='bbox 978 1827 1020 1859; x_wconf 92' lang='lat' dir='ltr'>et</span> <span class='ocrx_word' id='word_1_175' title='bbox 1035 1824 1142 1859; x_wconf 82' lang='lat' dir='ltr'>rexit</span> <span class='ocrx_word' id='word_1_176' title='bbox 1160 1821 1368 1859; x_wconf 90' lang='lat' dir='ltr'>ecclesiam</span> 
     </span>
     <span class='ocr_line' id='line_1_28' title="bbox 182 1875 1368 1925; baseline 0 -12"><span class='ocrx_word' id='word_1_177' title='bbox 182 1889 306 1913; x_wconf 88' lang='lat' dir='ltr'>annos</span> <span class='ocrx_word' id='word_1_178' title='bbox 325 1889 484 1920; x_wconf 86' lang='lat' dir='ltr'>novem,</span> <span class='ocrx_word' id='word_1_179' title='bbox 504 1888 664 1913; x_wconf 89' lang='lat' dir='ltr'>menses</span> <span class='ocrx_word' id='word_1_180' title='bbox 685 1880 857 1925; x_wconf 86' lang='lat' dir='ltr'>septem,</span> <span class='ocrx_word' id='word_1_181' title='bbox 879 1881 921 1913; x_wconf 88' lang='lat' dir='ltr'>et</span> <span class='ocrx_word' id='word_1_182' title='bbox 942 1875 1041 1912; x_wconf 92' lang='lat' dir='ltr'>duos</span> <span class='ocrx_word' id='word_1_183' title='bbox 1062 1876 1169 1919; x_wconf 83' lang='lat' dir='ltr'>dies3</span> <span class='ocrx_word' id='word_1_184' title='bbox 1205 1881 1247 1913; x_wconf 82' lang='lat' dir='ltr'>et</span> <span class='ocrx_word' id='word_1_185' title='bbox 1266 1878 1368 1925; x_wconf 88' lang='lat' dir='ltr'>ipse,</span> 
     </span>
    </p>
   </div>
   <div class='ocr_carea' id='block_1_6' title="bbox 180 1969 1367 2087">
    <p class='ocr_par' dir='ltr' id='par_1_6' title="bbox 180 1969 1367 2087">
     <span class='ocr_line' id='line_1_29' title="bbox 228 1969 984 2011; baseline 0.001 -10"><span class='ocrx_word' id='word_1_186' title='bbox 228 1970 239 1989; x_wconf 85' lang='lat'>¹</span> <span class='ocrx_word' id='word_1_187' title='bbox 263 1970 386 2011; x_wconf 83' lang='lat' dir='ltr'>Living</span> <span class='ocrx_word' id='word_1_188' title='bbox 401 1981 444 2001; x_wconf 91' lang='lat' dir='ltr'>on</span> <span class='ocrx_word' id='word_1_189' title='bbox 461 1970 520 2001; x_wconf 78' lang='lat' dir='ltr'>the</span> <span class='ocrx_word' id='word_1_190' title='bbox 535 1969 675 2001; x_wconf 57' lang='lat' dir='ltr'>bordei-³</span> <span class='ocrx_word' id='word_1_191' title='bbox 692 1970 728 2001; x_wconf 82' lang='lat' dir='ltr'>of</span> <span class='ocrx_word' id='word_1_192' title='bbox 742 1970 803 2002; x_wconf 79' lang='lat' dir='ltr'>the</span> <span class='ocrx_word' id='word_1_193' title='bbox 819 1970 984 2002; x_wconf 71' lang='lat' dir='ltr'>Fenlanrl.</span> 
     </span>
     <span class='ocr_line' id='line_1_30' title="bbox 225 2012 1367 2055; baseline 0.002 -12"><span class='ocrx_word' id='word_1_194' title='bbox 225 2013 238 2031; x_wconf 79' lang='lat'><em>²</em></span> <span class='ocrx_word' id='word_1_195' title='bbox 260 2013 331 2044; x_wconf 84' lang='lat' dir='ltr'>The</span> <span class='ocrx_word' id='word_1_196' title='bbox 351 2013 426 2043; x_wconf 73' lang='lat' dir='ltr'>first</span> <span class='ocrx_word' id='word_1_197' title='bbox 444 2014 562 2044; x_wconf 82' lang='lat' dir='ltr'>native</span> <span class='ocrx_word' id='word_1_198' title='bbox 582 2012 799 2055; x_wconf 81' lang='lat' dir='ltr'>arehbishop.</span> <span class='ocrx_word' id='word_1_199' title='bbox 846 2013 911 2045; x_wconf 81' lang='lat' dir='ltr'>His</span> <span class='ocrx_word' id='word_1_200' title='bbox 930 2013 1049 2044; x_wconf 78' lang='lat' dir='ltr'>native</span> <span class='ocrx_word' id='word_1_201' title='bbox 1068 2022 1168 2044; x_wconf 80' lang='lat' dir='ltr'>name</span> <span class='ocrx_word' id='word_1_202' title='bbox 1187 2013 1216 2044; x_wconf 89' lang='lat' dir='ltr'>is</span> <span class='ocrx_word' id='word_1_203' title='bbox 1236 2013 1311 2044; x_wconf 82' lang='lat' dir='ltr'>said</span> <span class='ocrx_word' id='word_1_204' title='bbox 1329 2016 1367 2045; x_wconf 84' lang='lat' dir='ltr'>to</span> 
     </span>
     <span class='ocr_line' id='line_1_31' title="bbox 180 2055 582 2087; baseline 0 -1"><span class='ocrx_word' id='word_1_205' title='bbox 180 2055 268 2086; x_wconf 75' lang='lat' dir='ltr'>have</span> <span class='ocrx_word' id='word_1_206' title='bbox 285 2056 370 2087; x_wconf 83' lang='lat' dir='ltr'>been</span> <span class='ocrx_word' id='word_1_207' title='bbox 387 2056 582 2087; x_wconf 81' lang='lat' dir='ltr'>Frithonas.</span> 
     </span>
    </p>
   </div>
   <div class='ocr_carea' id='block_1_7' title="bbox 180 2102 251 2145">
    <p class='ocr_par' dir='ltr' id='par_1_7' title="bbox 180 2102 251 2145">
     <span class='ocr_line' id='line_1_32' title="bbox 180 2102 251 2145; baseline 0.014 -9"><span class='ocrx_word' id='word_1_208' title='bbox 180 2102 251 2145; x_wconf 83' lang='lat'>428</span> 
     </span>
    </p>
   </div>
  </div>
 </body>
</html>
