1473 2322
468 158 579 195 THE
615 157 945 195 VENERABLE
980 159 1128 196 BEDE

207 259 396 304 adfuisse,
417 273 590 309 eumque
609 259 660 297 de
677 259 836 298 lavacro
855 265 1075 298 exeuntem
1093 263 1329 311 suscepisse,
1347 275 1393 299 ac

206 312 472 364 pulcherrimo
485 326 644 363 prorsus
660 319 703 351 et
718 314 808 351 Deo
821 314 943 364 digno
958 317 1170 360 consortio,
1182 317 1293 352 cuius
1306 320 1394 353 erat

208 367 329 403 filiam
353 373 591 416 accepturus
614 369 656 404 in
679 370 906 417 coniugem,
930 370 1060 418 ipsum
1083 371 1193 417 prius
1217 369 1393 406 secunda

207 423 471 470 generatione
511 420 602 459 Deo
642 421 820 458 dicatum
861 422 936 458 sibi
976 424 1133 471 accepit
1172 425 1214 459 in
1253 422 1391 459 filium.

208 475 474 512 Donaverunt
519 480 658 512 autem
703 476 821 512 ambo
865 488 983 525 reges
1028 476 1161 513 eidem
1206 478 1392 526 episcopo

206 530 413 566 civitatem
442 541 546 578 quae
575 534 741 565 vocatur
769 528 926 573 Dorcio,
956 529 1008 566 ad
1035 528 1264 566 faciendum
1295 531 1392 567 inibi

206 583 346 620 sedem
364 581 655 632 episcopalem3
687 583 755 619 ubi
772 582 889 620 factis
908 583 1185 633 dedicatisque
1204 582 1392 629 ecclesiis,

206 636 425 686 multisque
468 636 520 673 ad
560 635 782 673 Dominum
823 639 889 686 pio
932 639 1017 674 eius
1057 635 1195 674 labore
1236 636 1392 687 populis

208 691 426 735 advocatis,
445 692 636 740 migravit
653 690 704 727 ad
722 689 957 735 Dominum,
978 690 1241 740 sepultusque
1266 696 1329 729 est
1351 693 1392 728 in

207 744 350 782 eadem
374 746 553 789 civitate,
578 749 621 781 et
644 749 736 793 post
760 757 883 781 annos
907 743 1068 789 multos,
1093 743 1266 782 Haedde
1291 747 1392 795 epis-

206 804 396 848 copatum
411 803 575 847 agente,
589 797 808 834 translatus
822 798 917 835 inde
931 800 973 834 in
981 797 1156 834 Ventam
1171 800 1392 843 civitatem,

207 858 330 902 atque
365 854 407 888 in
443 850 610 888 ecclesia
644 852 859 889 beatorum
896 851 1168 901 apostolorum
1204 851 1314 890 Petri
1350 858 1393 890 et

208 905 321 943 Pauli
340 908 493 954 positus
514 910 589 942 est.

255 959 462 997 Defuncto
480 964 617 996 autem
636 964 678 996 et
694 971 804 1008 rege,
821 960 1014 995 successit
1030 960 1070 994 in
1086 971 1256 1008 regnum
1290 957 1391 995 filius

207 1016 291 1051 eius
323 1011 556 1057 Coinualch,
588 1014 657 1063 qui
689 1017 732 1049 et
763 1011 884 1049 fidem
917 1025 962 1048 ac
993 1018 1248 1049 sacramenta
1277 1016 1390 1062 regni

205 1067 390 1104 caelestis
419 1069 621 1116 suscipere
640 1068 789 1110 renuit,
810 1071 853 1103 et
881 1078 962 1102 non
989 1065 1117 1102 multo
1147 1071 1238 1115 post
1268 1069 1391 1103 etiam

205 1123 319 1171 regni
375 1122 578 1158 terrestris
635 1121 862 1169 potentiam
919 1119 1108 1169 perdidit.
1163 1119 1392 1169 Repudiata

206 1178 312 1213 enim
331 1188 464 1212 sorore
485 1173 651 1211 Pendan
669 1176 776 1223 regis
797 1172 1040 1211 Merciorum
1061 1186 1183 1223 quam
1202 1174 1390 1219 duxerat,

205 1229 324 1266 aliam
338 1231 494 1278 accepit
506 1241 673 1265 uxorem
687 1240 695 1264 ε
722 1228 895 1277 ideoque
908 1226 1014 1264 bello
1027 1230 1195 1276 petitus,
1209 1240 1254 1265 ac
1265 1241 1391 1278 regno

205 1286 382 1333 privatus
404 1283 455 1319 ab
473 1281 555 1326 illo,
575 1283 740 1319 secessit
761 1281 811 1318 ad
831 1294 971 1330 regem
991 1279 1261 1318 Orientalium
1280 1282 1392 1332 Ang-

205 1337 347 1381 lorum,
373 1339 437 1373 cui
464 1349 612 1373 nomen
639 1341 727 1373 erat
752 1336 894 1372 Anna:
935 1335 1043 1384 apud
1069 1348 1191 1384 quem
1216 1337 1390 1373 triennio

205 1390 370 1429 exulans
384 1390 506 1428 fidem
521 1392 710 1439 cognovit
726 1402 771 1426 ae
786 1390 963 1438 suscepit
978 1390 1172 1426 veritatis.
1227 1388 1332 1426 Nam
1349 1395 1391 1427 et

206 1448 288 1495 ipse
308 1444 417 1494 apud
435 1457 557 1494 quem
576 1442 768 1481 exulabat
787 1456 858 1480 rex
879 1448 967 1480 erat
984 1444 1042 1479 vir
1059 1442 1203 1486 bonus,
1222 1448 1265 1480 et
1283 1443 1390 1481 bona

204 1512 250 1536 ac
267 1504 407 1536 sancta
424 1496 560 1535 sobole
578 1497 690 1542 felix,
708 1502 754 1534 ut
772 1499 811 1533 in
831 1497 1094 1546 sequentibus
1112 1496 1356 1534 docebimus.

254 1552 355 1589 Cum
363 1554 677 1590 verorestitutus
686 1556 793 1588 esset
810 1553 1027 1600 inregnum
1035 1549 1266 1594 Coinualch‚
1279 1553 1390 1588 venit

202 1609 243 1643 in
264 1608 508 1656 provinciam
530 1606 580 1643 de
605 1605 801 1642 Hibernia
822 1604 1006 1654 pontifex
1028 1604 1206 1654 quidam,
1227 1607 1388 1642 nomine

202 1660 474 1711 Agilberctus,
495 1662 659 1696 natione
682 1659 846 1709 quidem
868 1657 1021 1702 Gallus,
1042 1658 1115 1695 sed
1135 1663 1232 1695 tunc
1252 1657 1387 1708 legen-

202 1715 343 1752 darum
374 1716 506 1764 gratia
535 1713 829 1763 Scripturarum
860 1714 900 1749 in
931 1712 1127 1749 Hibernia
1156 1725 1236 1749 non
1265 1725 1388 1762 parvo

247 1864 260 1884 ²
283 1863 489 1896 Dorchester
502 1863 538 1894 in
556 1861 787 1894 Oxfordshire.

245 1907 258 1968 Ξ
283 1907 388 1981 Κεηὸτα
405 1906 590 1946 dearum,
607 1905 832 1937 Winchester.

202 2035 229 2067 Β
245 1993 257 2011 ⁴
282 1961 455 2067 {Iob-gg&
470 2001 491 2023 a
505 1995 619 2023 vacant
635 1990 768 2032 bishop,
783 1989 961 2032 σχολάζων,
974 1988 1029 2022 i.e.
1041 1988 1190 2021 without
1205 1998 1226 2020 a
1241 1988 1383 2022 diocese.

231 2045 280 2076 ng
325 2059 333 2072 ,
429 2044 464 2066 n.

199 2097 271 2146 356
