1473 2322
458 170 570 207 THE
605 169 937 208 VENERABLE
973 170 1120 209 BEDE

197 270 357 308 conlata
373 271 447 308 sibi
465 273 630 308 victoria
645 274 797 321 gratias
813 270 905 309 Deo
921 271 1116 316 referens,
1132 271 1246 309 dedit
1263 271 1385 309 filiam

197 338 310 361 suam
339 324 578 362 Aelffledam
608 338 712 374 quae
741 325 906 362 vixdum
935 328 1052 362 unius
1081 328 1174 362 anni
1204 332 1385 364 aetatem

197 377 450 427 impleverat,
482 385 681 428 perpetua
716 381 752 415 ei
786 381 1019 428 virginitate
1052 380 1385 417 consecrandam:

197 432 356 469 donatis
384 434 548 481 insuper
577 432 788 469 duodecim
818 432 1144 482 possessiunculis
1173 439 1385 478 terrarum,

197 488 238 522 in
265 486 409 535 quibus
436 485 572 522 ablato
598 486 732 523 studio
758 486 925 524 militiae
952 489 1168 531 terrestris,
1194 487 1246 524 ad
1272 500 1385 525 exer-

197 539 367 577 cendam
402 539 587 576 militiam
623 539 855 585 caelestem,
891 539 1279 590 supplicandumque
1315 554 1386 590 pro

198 606 297 643 pace
327 595 461 643 gentis
493 596 577 630 eius
609 599 790 638 aeterna,
821 594 1024 631 devotioni
1055 593 1219 632 sedulae
1249 607 1387 631 mona-

198 646 362 684 chorum
405 646 513 684 locus
559 646 812 697 facultasque
855 653 1107 697 suppeteret.
1161 648 1196 685 E
1241 649 1386 698 quibus

198 700 385 738 videlicet
411 700 751 750 possessiunculis,
778 714 849 738 sex
875 703 915 737 in
942 703 1145 750 provincia
1170 701 1386 747 Derorum,

196 767 268 792 sex
305 757 346 791 in
382 754 654 792 Berniciorum
693 754 818 792 dedit.
873 754 1064 804 Singulae
1101 768 1194 792 vero
1232 769 1387 806 posses-

197 810 328 846 siones
352 808 494 846 decem
519 814 635 846 erant
659 807 915 853 familiarum,
939 809 980 846 id
1005 814 1081 853 est,
1105 807 1221 846 simul
1246 823 1385 847 omnes

196 868 361 899 centum
414 864 569 911 viginti.
626 862 800 899 Intravit
852 868 990 899 autem
1042 862 1228 912 praefata
1278 865 1385 913 regis

198 916 324 953 Osuiu
345 914 424 952 filia
443 915 535 953 Deo
555 915 780 953 dedicanda
798 918 1087 953 monasterium
1108 916 1216 966 quod
1235 929 1387 954 nuncu-

197 975 317 1020 patur
345 969 546 1013 Heruteu,
574 970 615 1007 id
644 975 720 1014 est,
750 969 885 1006 Insula
914 970 1044 1014 Cervi,
1072 973 1135 1007 cui
1163 975 1261 1007 tunc
1290 970 1386 1008 Hild

198 1024 402 1061 abbatissa
427 1023 626 1073 praefuit:
669 1037 772 1073 quae
800 1029 891 1073 post
918 1025 1126 1061 biennium
1152 1030 1385 1074 comparata

197 1080 446 1127 possessione
483 1078 625 1115 decem
660 1076 901 1114 familiarum
937 1080 978 1114 in
1013 1076 1100 1114 loco
1137 1080 1205 1127 qui
1241 1078 1386 1116 dicitur

196 1130 546 1176 streanaeshalch,
568 1132 622 1168 ibi
645 1134 935 1169 monasterium
958 1134 1205 1175 construxit3
1242 1134 1283 1169 in
1306 1146 1385 1182 quo

196 1191 422 1223 memorata
442 1188 548 1235 regis
571 1184 664 1229 filia,
685 1188 813 1235 primo
835 1184 1029 1234 discipula
1050 1188 1157 1222 vitae
1178 1185 1386 1235 regularis,

196 1239 344 1277 deinde
369 1241 494 1277 etiam
518 1241 713 1289 magistra
737 1242 910 1284 exstitit,
935 1239 1063 1276 donec
1087 1239 1288 1288 completo
1314 1254 1386 1277 un-

197 1293 464 1343 desexaginta
502 1306 697 1330 annorum
736 1306 918 1337 nmner0‚
956 1293 1008 1330 ad
1046 1292 1302 1342 complexum
1341 1299 1385 1332 et

197 1350 358 1397 nuptias
379 1349 513 1396 sponsi
533 1346 717 1384 caelestis
738 1349 849 1396 virgo
864 1347 987 1384 beata
1003 1349 1186 1384 intraret.
1242 1346 1289 1384 In
1305 1360 1385 1397 quo

196 1403 440 1438 monasterio
459 1406 501 1438 et
517 1403 617 1450 ipsa,
636 1407 678 1438 et
696 1406 812 1449 pater
831 1403 915 1438 eius
933 1400 1075 1445 Osuiu,
1093 1406 1135 1438 et
1151 1405 1283 1438 mater
1300 1403 1384 1439 eius

196 1454 409 1499 Aeanfled,
432 1460 475 1492 et
496 1460 614 1503 pater
634 1457 774 1491 matris
797 1457 881 1491 eius
903 1454 1093 1498 Aeduini‚
1116 1459 1159 1492 et
1179 1454 1297 1491 multi
1319 1454 1384 1492 alii

197 1508 350 1546 nobiles
373 1511 413 1545 in
437 1508 605 1546 ecclesia
628 1511 755 1545 sancti
779 1507 949 1556 apostoli
973 1507 1083 1545 Petri
1105 1507 1253 1557 sepulti
1276 1514 1382 1546 sunt.

196 1563 284 1600 Hoc
321 1568 459 1600 autem
496 1562 648 1599 bellum
684 1576 755 1599 rex
793 1562 920 1599 Osuiu
956 1564 997 1598 in
1032 1564 1198 1611 regione
1235 1561 1384 1608 Loidis,

196 1619 318 1654 tertio
350 1616 506 1653 decimo
539 1618 652 1665 regni
684 1618 743 1652 sui
776 1629 895 1660 anno,
927 1615 1082 1653 decimo
1113 1618 1286 1666 septimo
1318 1617 1383 1654 die

198 1670 472 1708 Kalendarum
517 1670 805 1707 Decembrium
848 1682 939 1706 cum
981 1682 1131 1718 magna
1173 1672 1383 1720 utriusque

195 1723 332 1774 populi
358 1723 536 1761 utilitate
563 1723 748 1760 confecit.
803 1723 907 1759 Nam
934 1728 976 1760 et
1001 1736 1114 1760 suam
1139 1729 1306 1772 gentem
1332 1725 1383 1761 ab

194 1777 329 1815 hostili
353 1791 603 1827 paganorum
627 1776 941 1827 depopulatione
965 1776 1165 1821 liberavit,
1189 1782 1232 1815 et
1254 1780 1383 1826 ipsam

195 1837 363 1883 gentem
405 1831 651 1869 Merciorum
693 1831 1034 1881 finitimarumque
1075 1833 1382 1880 provinciarum,

414 1956 423 1974 ¹
448 1955 652 1996 Hartlepool
665 1955 702 1986 in
718 1955 778 1986 the
794 1958 924 1996 county
941 1955 976 1986 of
991 1954 1159 1987 Durham.

412 1998 423 2017 ²
448 1998 602 2039 Vfflitby.

411 2042 423 2061 ³
449 2042 495 2073 As
510 2041 645 2074 abbess.

192 2114 262 2151 452
