1473 2322
419 142 531 180 THE
571 143 902 180 VENERABLE
939 143 1087 181 BEDE

213 246 326 284 Haec
340 249 381 283 in
395 247 616 296 praesenti,
630 248 745 284 iuxta
759 259 971 283 numerum
990 246 1181 284 librorum
1201 248 1344 298 quibus

162 299 249 337 Lex
283 300 431 337 Divina
463 302 613 349 scripta
646 305 722 344 est,
756 302 934 350 quinque
968 303 1152 350 gentium
1185 300 1345 352 linguis,

161 366 282 390 unam
312 353 565 403 eandemque
597 365 779 390 summae
811 356 993 390 veritatis
1026 359 1070 390 et
1101 366 1220 391 verae
1253 355 1345 391 sub—

160 406 342 443 limitatis
361 409 571 443 scientiam
590 412 793 443 scrutatur
812 412 855 443 et
874 406 1103 451 confitetur,
1123 407 1345 457 Anglorum

161 459 361 501 videlicet,
416 459 670 504 Brettonum,
726 458 968 503 Scottorum,
1034 459 1237 497 Pictorum
1303 466 1347 498 et

162 512 413 557 Latinorum,
445 525 550 563 quae
579 513 846 550 meditatione
877 512 1170 563 Scripturarum
1201 516 1346 551 ceteris

161 567 345 603 omnibus
368 571 430 603 est
450 565 559 603 facta
579 569 812 603 communis.

216 620 264 656 In
301 621 438 669 primis
467 625 606 657 autem
635 618 735 656 haec
763 619 894 656 insula
921 619 1136 657 Brettones
1164 620 1293 658 solum
1322 633 1345 657 a

161 674 305 722 quibus
329 686 477 710 nomen
501 675 670 722 accepit,
694 672 842 710 incolas
865 672 1021 717 habuit,
1046 676 1114 723 qui
1138 673 1189 711 de
1212 679 1346 711 tractu

162 728 436 771 Armorieano,
460 731 506 763 ut
529 725 671 770 fertur,
694 725 935 763 Brittaniam
960 726 1132 771 advecti,
1150 726 1345 764 australes

161 780 235 817 sibi
274 786 410 829 partes
449 779 552 817 illius
592 779 856 816 vindicarunt.
911 780 965 817 Et
1004 793 1094 817 cum
1134 780 1346 830 plurimam

160 833 314 870 insulae
340 838 514 883 partem,
539 835 778 882 incipientes
806 833 856 870 ab
884 838 1033 877 austro,
1060 834 1346 883 possedissent,

165 888 337 937 contigit
364 892 530 937 gentem
560 885 763 923 Pictorum
783 887 834 923 de
854 886 1032 937 Scythia,
1052 892 1099 924 ut
1118 886 1346 936 perhibent,

162 940 289 991 longis
305 940 472 977 navibus
488 952 568 976 non
582 939 720 977 multis
736 953 930 976 oceanum
946 942 1167 990 ingressam
1183 942 1347 977 circum-

162 999 311 1044 agente
332 992 432 1030 flatu
454 999 681 1038 ventorum,
704 999 820 1030 extra
841 993 940 1030 fines
963 1006 1101 1031 omnes
1122 993 1347 1031 Brittaniae

163 1047 400 1084 Hiberniam
427 1048 671 1096 pervenisse,
701 1049 868 1096 eiusque
895 1047 1232 1096 septentrionales
1259 1060 1347 1084 oras

162 1103 346 1145 intrasse,
382 1106 506 1150 atque
540 1102 708 1137 inventa
741 1101 797 1137 ibi
831 1106 956 1151 gente
992 1099 1236 1145 Scottorum,
1271 1101 1345 1138 sibi

162 1166 323 1205 quoque
343 1156 385 1190 in
405 1153 587 1203 partibus
607 1153 710 1190 illius
732 1154 848 1191 sedes
868 1156 1034 1203 petisse,
1048 1167 1124 1192 nec
1143 1157 1347 1204 inpetrare

163 1210 353 1256 potuisse.
407 1207 482 1244 Est
509 1212 647 1244 autem
675 1206 870 1244 Hibernia
895 1207 1025 1244 insula
1050 1210 1229 1244 omnium
1255 1214 1347 1257 post

162 1261 401 1298 Brittaniam
415 1263 605 1305 maxima,
619 1260 671 1298 ad
683 1261 935 1298 occidentem
948 1261 1112 1311 quidem
1124 1261 1348 1299 Brittaniae

162 1317 261 1359 sita3
303 1314 376 1352 sed
400 1316 505 1352 sicut
530 1320 671 1351 contra
696 1314 925 1365 aquilonem
953 1327 1001 1352 ea
1026 1314 1197 1359 brevior,
1223 1317 1281 1352 ita
1306 1317 1347 1352 in

162 1368 372 1405 meridiem
396 1380 440 1405 se
463 1373 575 1405 trans
598 1367 701 1405 illius
726 1368 825 1405 fines
849 1367 1064 1418 plurimum
1087 1368 1348 1418 protendenS‚

164 1435 291 1472 usque
334 1427 474 1459 contra
516 1421 736 1471 Hispaniae
780 1421 1125 1471 septentrionalia,
1167 1425 1347 1472 quamvis

162 1488 310 1526 magno
352 1487 527 1525 aequore
567 1477 849 1519 interiacente,
892 1477 1088 1524 pervenit.
1143 1475 1209 1513 Ad
1245 1474 1348 1512 hanc

164 1542 260 1580 ergo
288 1541 415 1579 usque
444 1530 727 1578 pervenientes
756 1530 915 1579 navigio
943 1526 1060 1573 Picti,
1089 1534 1135 1566 ut
1162 1529 1347 1572 diximus,

206 1663 219 1683 ²
242 1662 347 1694 Latin
361 1662 390 1694 is
405 1661 567 1693 included
582 1672 621 1694 as
636 1662 696 1694 the
711 1662 879 1703 language
895 1662 1078 1704 employed
1092 1663 1128 1694 in
1144 1663 1204 1694 the
1219 1663 1347 1695 service

161 1706 196 1738 of
216 1705 371 1747 religion,
391 1708 466 1754 not,
487 1705 517 1736 it
537 1714 694 1747 appears,
716 1715 753 1736 as
774 1705 834 1736 the
855 1705 1023 1747 language
1045 1705 1080 1737 of
1100 1715 1169 1746 any
1190 1709 1348 1748 separate

160 1748 581 1822 ΡΘὲΡῖιῗηῗῑξεξὲἔῗέἲίωιω
596 1800 679 1830 quae
689 1790 856 1822 Oceanum
867 1790 1033 1831 atlinqunt
1056 1814 1064 1822 .
1091 1814 1098 1822 .
1124 1813 1131 1821 .
1155 1789 1348 1823 Armoricae

159 1834 383 1875 appellantur.
428 1832 538 1870 Caes„
551 1832 590 1864 de
603 1833 686 1865 Bell.
702 1833 787 1864 Gall.
802 1833 861 1864 vii.
876 1835 929 1865 57.
975 1832 1080 1864 Later
1092 1832 1152 1864 the
1164 1843 1266 1865 name
1277 1844 1347 1865 was

160 1876 340 1908 restricted
356 1879 394 1907 to
412 1875 473 1907 the
490 1875 707 1911 north-west,
725 1876 778 1907 i.e.
797 1875 940 1907 modern
958 1876 1132 1916 Brittany.

207 1919 220 1938 ³
242 1919 484 1951 Scandinavia.
531 1918 603 1949 The
622 1919 730 1958 origin
750 1918 785 1949 of
802 1918 862 1949 the
881 1918 974 1949 Picts
992 1919 1020 1948 is
1039 1928 1059 1947 a
1077 1917 1347 1950 much—debated

160 1963 332 2002 question,
369 1971 424 1992 see
466 1961 550 1992 Rice
592 1960 747 1997 Holmes,
783 1960 926 1992 Ancient
964 1960 1108 1996 Britom,
1148 1970 1181 2001 p.
1221 1961 1286 1992 409
1309 1961 1344 1994 ff.

162 2005 342 2044 stapleton
365 2004 448 2034 calls
470 2003 564 2034 them
589 2003 792 2036 Recl-slcanks.

167 2067 210 2102 16
