1473 2322
467 173 578 209 THE
614 172 944 211 VENERABLE
978 175 1125 213 BEDE

207 274 419 325 discipulos
444 277 528 312 eius
553 280 595 312 et
617 277 658 311 in
680 274 880 312 Brittania
903 281 946 314 et
967 278 1009 313 in
1032 276 1227 315 Hibernia
1250 291 1392 328 propa-

207 334 304 377 gata
335 333 451 365 sunt:
497 331 538 364 in
571 329 715 378 quibus
747 330 931 366 omnibus
962 329 1071 367 idem
1102 334 1391 369 monasterium

206 381 446 426 insulanum,
458 384 498 417 in
513 395 592 431 quo
604 384 689 431 ipse
703 385 920 432 requiescit
932 396 1110 433 corpore,
1123 387 1391 434 principatum

206 441 380 473 teneret.

257 489 421 526 Habere
448 494 586 525 autem
612 487 717 526 solet
741 490 829 539 ipsa
853 488 983 526 insula
1007 495 1207 528 rectorem
1232 504 1392 541 semper

207 543 399 580 abbatem
417 543 715 592 presbyterum,
735 545 846 579 cuius
864 545 941 580 iuri
961 548 1004 580 et
1024 546 1151 581 omnis
1174 546 1392 594 provincia,

207 601 250 634 et
268 598 344 646 ipsi
364 598 488 633 etiam
509 598 698 646 episcopi,
717 596 856 633 ordine
876 598 1084 642 inusitato,
1105 597 1284 635 debeant
1304 611 1391 636 esse

205 650 390 694 subiecti,
419 652 534 686 iuxta
564 648 795 699 exemplum
825 652 943 698 primi
972 650 1145 688 doctoris
1173 651 1293 696 illius,
1323 655 1391 702 qui

205 717 285 741 non
314 706 538 752 episcopuS,
566 704 639 740 sed
666 704 881 754 presbyter
909 706 1049 741 extitit
1078 709 1121 741 et
1148 705 1391 743 monachus:

205 757 256 795 de
289 760 400 794 cuius
433 759 517 793 vita
550 762 592 794 et
625 757 756 794 verbis
788 755 981 793 nonnulla
1013 770 1037 793 a
1069 757 1272 807 discipulis
1306 761 1391 796 eius

205 810 390 849 feruntur
407 813 557 859 scripta
572 809 723 847 haberi.
777 809 928 847 Verum
948 809 1249 861 qualiscumque
1269 811 1392 850 fuerit

203 867 303 914 ipse,
317 877 390 901 nos
402 863 477 901 hoc
492 864 542 900 de
554 862 622 900 illo
637 868 794 900 certum
805 868 1007 909 tenemus,
1021 866 1115 914 quia
1126 864 1290 915 reliquit
1304 878 1390 903 suc-

204 930 379 955 cessores
392 930 541 966 magna
553 919 805 954 continentia
824 929 870 954 ac
890 917 1024 954 divino
1045 931 1180 955 amore
1199 918 1391 968 regulari-

205 985 282 1021 que
296 973 552 1008 institutione
566 972 742 1020 insignes
756 983 764 1007 ε
779 972 820 1007 in
833 975 1018 1021 tempore
1033 971 1197 1021 quidem
1210 985 1390 1010 summae

204 1025 435 1063 festivitatis
461 1024 602 1062 dubios
629 1023 794 1061 circulos
819 1030 1052 1075 sequentes,
1076 1030 1221 1075 utpote
1247 1027 1391 1076 quibus

203 1079 322 1128 longe
349 1077 456 1116 ultra
482 1079 621 1115 orbem
648 1080 788 1127 positis
815 1091 934 1116 nemo
961 1078 1169 1129 synodalia
1195 1079 1390 1130 paschalis

204 1134 482 1170 observantiae
502 1132 667 1169 decreta
684 1137 942 1181 porrexerat:
980 1138 1142 1169 tantum
1162 1146 1211 1170 ea
1230 1135 1390 1183 quaein

203 1186 460 1237 propheticis,
489 1185 729 1235 evangelicis
758 1190 801 1223 et
829 1185 1056 1235 apostolicis
1082 1186 1208 1224 literis
1237 1187 1389 1225 discere

203 1245 393 1291 poterant
411 1241 576 1288 pietatis
597 1244 639 1276 et
659 1241 857 1276 castitatis
878 1252 1001 1289 opera
1019 1239 1237 1289 diligenter
1256 1241 1389 1278 obser-

203 1300 356 1332 vantes.
412 1292 637 1330 Permansit
680 1298 819 1330 autem
861 1292 1090 1330 huiusmodi
1132 1294 1389 1331 observantia

204 1346 399 1398 paschalis
436 1347 544 1397 apud
578 1359 645 1384 eos
680 1351 864 1396 tempore
899 1360 979 1383 non
1013 1360 1155 1396 pauco,
1189 1346 1265 1385 hoc
1313 1353 1389 1393 est,

205 1415 330 1452 usque
356 1401 407 1438 ad
427 1414 577 1437 annum
595 1399 832 1437 Dominicae
852 1402 1136 1437 incarnationis
1156 1403 1388 1451 septingen-

206 1458 392 1494 tesimum
439 1454 639 1492 decimum
687 1456 888 1504 quintum,
934 1467 1007 1504 per
1054 1467 1176 1491 annos
1223 1459 1387 1492 centum

203 1511 507 1561 quinquaginta.

245 1564 303 1600 At
311 1569 408 1600 tunc
418 1564 606 1599 veniente
619 1562 670 1599 ad
681 1575 747 1599 eos
755 1563 1076 1599 reverentissimo
1087 1566 1129 1599 et
1139 1563 1387 1599 sanctissimo

202 1623 317 1667 patre
338 1622 381 1654 et
400 1616 608 1653 sacerdote
630 1616 871 1665 Ecgbercto,
891 1615 941 1653 de
963 1618 1126 1652 natione
1148 1614 1386 1664 Anglorum,

203 1673 270 1720 qui
322 1672 363 1707 in
403 1669 596 1706 Hibernia
637 1670 787 1706 diutius
828 1667 1062 1707 exulaverat
1101 1682 1173 1718 pro
1213 1668 1386 1714 Christo,

203 1729 371 1774 eratque
398 1729 440 1761 et
465 1724 716 1760 doctissimus
736 1725 777 1759 in
797 1722 1009 1773 Scripturis
1037 1727 1079 1760 et
1103 1722 1250 1773 longae
1276 1725 1384 1760 vitae

247 1873 260 1892 ²
283 1873 354 1905 The
386 1872 557 1913 provincia
590 1872 626 1904 of
655 1872 716 1904 the
748 1874 957 1914 monastery.
1003 1871 1255 1903 Ecclesiastical
1284 1872 1384 1912 juris-

202 1915 330 1947 diction
343 1926 413 1947 was
424 1916 460 1947 in
472 1915 532 1947 the
544 1915 655 1946 hands
668 1915 703 1946 of
715 1915 774 1946 the
787 1915 912 1946 abbots
925 1915 959 1946 of
971 1915 1030 1945 the
1042 1917 1139 1955 great
1150 1915 1383 1951 monasteries,

202 1958 275 2008 and·
286 1958 345 1990 the
362 1958 501 1999 bishops
518 1968 608 2006 were
626 1957 794 1989 members
812 1957 847 1989 of
863 1957 923 1988 the
940 1957 1109 1989 monastic
1126 1956 1243 1988 bodies
1259 1957 1330 1988 and
1345 1966 1383 1989 so

202 1999 1034 2080 ἓηξ]Ξῗῖεέἕιῐξὲῗι,ὃέῑξξὲἲέἶῖῗῃῗᾶῗὶῗξῧὲῗ’νήιοω
1049 2042 1140 2074 Bede
1150 2052 1188 2073 as
1201 2052 1221 2074 a
1233 2042 1290 2075 lad
1303 2052 1383 2086 may

202 2119 269 2159 342
