1473 2322
458 167 569 203 THE
604 166 934 204 VENERABLE
969 166 1116 204 BEDE

198 282 278 305 una
297 282 387 306 cum
402 269 619 306 maioribus
639 269 781 307 studiis
798 274 840 307 et
855 270 1135 308 observatione
1150 269 1383 320 disciplinae

196 330 402 380 regularis.

248 390 352 429 Nam
371 391 556 429 monachi
579 399 695 430 erant
716 395 892 430 maxime
913 395 981 442 qui
1001 393 1053 431 ad
1069 393 1384 443 praedicandum

197 458 404 490 venerant.
461 452 685 490 Monachus
714 455 799 503 ipse
821 455 1031 503 episcopus
1052 454 1211 499 Aedan,
1240 460 1384 505 utpote

197 515 248 552 de
268 513 397 551 insula
417 528 521 565 quae
542 520 708 552 vocatur
724 514 806 560 Hii,
822 515 1071 553 destinatus:
1101 517 1212 553 cuius
1227 529 1385 553 monas-

196 579 345 614 terium
369 578 410 613 in
429 579 583 613 cunetis
607 590 713 626 pene
736 576 1116 627 septentrionalium
1140 576 1384 623 Scottorum,

198 643 240 675 et
260 640 439 675 omnium
460 637 663 675 Pictorum
683 641 937 676 monasteriis
957 651 1037 675 non
1057 652 1180 688 parvo
1200 644 1384 689 tempore

197 713 329 738 arcem
352 700 536 745 tenebat,
558 700 827 750 regendisque
845 713 982 738 eorum
998 699 1155 750 populis
1174 706 1384 750 praeerat:

197 774 301 811 quae
345 760 535 799 videlicet
577 760 707 798 insula
751 761 804 799 ad
845 764 906 798 ius
951 762 1115 811 quidem
1159 761 1385 800 Brittaniae

195 825 389 873 pertinet,
434 837 513 860 non
556 836 705 873 magno
750 823 800 860 ab
846 836 895 861 ea
937 822 1043 861 freto
1088 823 1274 868 discreta,
1313 823 1386 862 sed

196 884 414 922 donatione
463 883 679 929 Pictorum,
725 887 794 935 qui
838 884 926 921 illas
972 884 1197 921 Brittaniae
1244 884 1384 936 plagas

195 944 389 991 incolunt,
409 946 645 984 iamdudum
664 945 869 983 monachis
895 945 1125 983 Scottorum
1151 947 1316 993 tradita,
1336 961 1384 986 eo

196 1008 304 1058 quod
323 1007 399 1044 illis
419 1008 746 1058 praedicantibus
768 1008 889 1046 fidem
911 1007 1059 1045 Christi
1079 1011 1347 1059 perceperint.

683 1217 800 1255 CAP.
840 1217 896 1254 IV

298 1303 457 1346 Quando
472 1317 565 1354 gens
584 1303 768 1341 Pictorum
773 1303 894 1354 fldem
917 1303 1054 1342 Christi
1066 1303 1280 1355 perceperit.

245 1384 445 1426 SIQUIDEM
468 1398 572 1422 anno
591 1387 874 1422 incarnationis
889 1383 1127 1423 Dominicae
1143 1387 1384 1436 quingente-

195 1449 295 1484 simo
314 1449 566 1497 sexagesimo
587 1449 743 1497 quinto,
763 1460 842 1497 quo
861 1452 1045 1497 tempore
1065 1447 1384 1498 gubernaculum

195 1508 366 1545 Romani
402 1511 560 1558 imperii
596 1514 689 1558 post
730 1508 998 1546 Iustinianum
1039 1509 1217 1547 Iustinus
1255 1511 1385 1547 minor

195 1573 365 1620 accepit,
384 1573 497 1608 venit
516 1571 567 1608 de
588 1570 784 1608 Hibernia
801 1571 1016 1621 presbyter
1036 1576 1078 1609 et
1098 1571 1222 1608 abbas
1241 1569 1383 1608 habitu

196 1638 239 1670 et
253 1635 336 1670 vita
349 1632 535 1670 monachi
547 1635 727 1682 insignis,
741 1635 902 1671 nomine
917 1632 1114 1670 Columba
1127 1632 1383 1679 Brittaniam,

194 1695 497 1744 praedicaturus
510 1695 678 1732 verbum
692 1694 772 1732 Dei
784 1697 994 1745 provinciis
1007 1694 1383 1744 septentrionalium

197 1755 413 1802 Pictorum,
428 1756 503 1793 hoc
526 1762 601 1801 est,
618 1759 674 1794 eis
698 1769 802 1807 quae
826 1757 958 1794 arduis
982 1763 1106 1807 atque
1128 1755 1383 1795 horrentibus

242 1861 255 1880 ¹
278 1862 376 1899 Iona,
400 1872 422 1893 a
445 1862 653 1903 misreading
677 1863 712 1894 of
736 1863 796 1894 the
819 1862 993 1904 adjective
1013 1862 1113 1895 Ioua.
1158 1862 1241 1894 Also
1263 1863 1382 1901 called,

194 1904 460 1936 Hii-colum-kill
485 1905 693 1945 (Icolmkill),
719 1905 772 1937 i.e.
796 1905 856 1937 the
878 1905 993 1937 island
1017 1905 1054 1937 of
1077 1904 1242 1938 Columba
1265 1905 1301 1937 of
1323 1905 1384 1937 the

194 1947 374 2020 celsssem
396 1990 431 2021 of
451 1989 511 2021 the
532 1990 635 2022 north
657 1990 693 2022 of
713 1990 868 2027 Ireland;
902 1990 962 2022 the
984 1990 1157 2022 Dalriadic
1178 1989 1277 2023 Scots
1295 2001 1383 2023 were

194 2031 320 2063 settled
344 2033 378 2063 in
405 2032 499 2063 what
521 2033 551 2065 is
576 2043 653 2066 now
677 2033 795 2076 Argyll
818 2033 889 2065 and
913 2033 972 2066 the
997 2033 1098 2070 1s1es;
1136 2033 1195 2065 the
1218 2033 1383 2066 northern

193 2085 265 2133 338
