1473 2322
484 159 595 196 THE
631 158 961 196 VENERABLE
995 159 1145 197 BEDE

223 262 353 300 adhuc
373 265 628 313 peregrinam
648 276 721 312 pro
742 267 911 301 aeterna
929 265 1061 312 patria
1082 263 1250 301 duceret
1270 266 1410 308 vitam,

222 337 424 361 rumorem
446 326 673 361 sanctitatis
694 322 798 360 illius
820 326 862 360 in
886 337 935 361 ea
957 337 1117 374 quoque
1139 324 1269 361 insula
1289 324 1408 375 longe

222 384 387 435 lateque
416 387 496 422 iam
525 386 801 434 percrebuisse
831 385 1012 423 ferebat:
1058 398 1079 422 e
1111 386 1254 434 quibus
1286 400 1409 423 unum

223 446 331 496 quod
352 448 460 484 inter
483 445 560 483 alia
583 446 724 484 retulit
747 446 996 491 miraculum,
1020 449 1225 496 praesenti
1248 453 1409 486 nostrae

223 508 425 546 Historiae
449 508 707 546 inserendum
732 509 985 546 credidimus.

272 568 294 581 “
313 568 553 619 Tempore,''
570 572 715 619 inquit,
733 569 754 582 “
773 569 1032 607 mortalitatis
1049 583 1153 620 quae
1169 570 1410 608 Brittaniam

222 631 540 681 Hiberniamque
578 630 662 668 lata
699 637 835 681 strage
875 634 1061 676 vastavit,
1099 645 1309 681 percussus
1348 639 1411 670 est

222 693 403 730 eiusdem
426 692 539 730 clade
563 695 689 742 pestis
712 695 819 730 inter
843 692 939 730 alios
963 691 1222 731 scholasticus
1246 695 1410 744 quidam

222 755 272 792 de
291 760 416 805 gente
436 754 680 799 Scottorum,
701 754 841 791 doctus
863 755 1026 804 quidem
1046 757 1104 791 vir
1123 756 1256 793 studio
1274 756 1410 794 litera-

221 830 323 862 rum,
342 817 414 854 sed
433 829 530 866 erga
548 829 685 852 curam
704 822 927 866 perpetuae
948 830 1044 854 suae
1064 816 1294 855 salvationis
1312 818 1409 855 nihil

221 881 382 916 omnino
399 878 522 914 studii
540 883 581 915 et
598 878 820 915 industriae
837 891 982 927 gerens
996 891 1005 915 ι
1037 881 1106 928 qui
1123 892 1214 915 cum
1231 892 1274 917 se
1290 883 1410 918 morti

221 942 447 990 proximum
471 939 641 984 videret,
664 941 809 976 timere
832 941 966 989 coepit
990 944 1033 977 et
1055 953 1218 989 pavere,
1241 954 1292 979 ne
1315 955 1409 983 mox

221 1007 415 1045 mortuus,
453 1001 504 1038 ob
545 1003 692 1038 merita
732 1000 929 1038 scelerum
965 1001 1017 1038 ad
1056 1001 1202 1039 inferni
1236 1001 1411 1040 claustra

221 1069 452 1113 raperetur:
500 1062 770 1112 clamavitque
803 1076 884 1107 me,
918 1076 1009 1099 cum
1044 1076 1174 1101 essem
1206 1066 1248 1100 in
1281 1067 1409 1103 vicino

221 1128 388 1176 posituS,
408 1130 450 1162 et
478 1126 584 1162 inter
614 1137 737 1174 aegra
764 1130 944 1161 tremens
973 1127 1154 1174 suspiria,
1171 1124 1294 1162 flebili
1312 1139 1408 1165 voce

220 1187 319 1225 talia
357 1200 517 1224 mecum
558 1187 826 1236 querebatur:
883 1185 890 1198 ‘
910 1185 1060 1231 Vides,'
1101 1188 1246 1237 inquit,
1288 1187 1295 1200 ‘
1315 1192 1410 1239 quia

220 1250 463 1298 iamiamque
487 1253 693 1285 crescente
717 1250 890 1297 corporis
913 1246 1099 1285 molestia
1123 1249 1174 1286 ad
1197 1249 1409 1288 articulum

220 1310 454 1349 subeundae
486 1312 625 1347 mortis
657 1298 894 1359 compellor:
941 1323 1015 1347 nec
1047 1310 1188 1348 dubito
1219 1324 1285 1349 me
1317 1319 1409 1362 post

220 1378 393 1410 mortem
405 1374 579 1422 corporis
592 1374 731 1408 statim
746 1371 798 1409 ad
809 1376 1050 1422 perpetuam
1064 1374 1221 1410 animae
1234 1379 1408 1412 mortem

220 1434 472 1485 rapiendum,
514 1446 559 1470 ac
600 1431 861 1471 infernalibus
902 1433 1158 1471 subdendum
1199 1448 1286 1473 esse
1327 1441 1408 1474 tor-

219 1498 389 1535 mentis:
422 1497 491 1546 qui
509 1500 694 1545 tempore
717 1508 797 1532 non
820 1507 949 1545 pauco
971 1497 1078 1533 inter
1096 1496 1231 1533 studia
1248 1497 1407 1537 divinae

218 1559 415 1603 lectionis,
434 1559 622 1594 vitiorum
641 1559 775 1607 potius
794 1555 1103 1607 implicamentis
1124 1571 1246 1608 quam
1265 1559 1406 1597 divinis

219 1620 398 1659 solebam
429 1622 577 1657 servire
609 1619 823 1656 mandatis.
879 1618 993 1657 Inest
1024 1625 1163 1658 autem
1195 1623 1342 1667 animo,
1374 1625 1405 1659 si

218 1682 315 1721 mihi
334 1684 464 1732 pietas
488 1694 662 1731 superna
691 1680 825 1731 aliqua
843 1681 1002 1719 vivendi
1022 1685 1154 1731 spatia
1181 1682 1404 1728 donaverit,

218 1747 380 1782 vitiosos
400 1756 532 1781 mores
555 1745 767 1793 corrigere,
790 1748 914 1793 atque
938 1743 990 1781 ad
1010 1746 1224 1794 imperium
1246 1745 1404 1784 divinae

218 1806 436 1845 voluntatis
483 1810 614 1843 totam
662 1818 714 1843 ex
760 1807 920 1856 integro
967 1811 1149 1844 mentem
1196 1808 1403 1858 vitamque

216 1868 448 1908 transferre.
501 1867 653 1906 Verum
673 1870 764 1905 novi
784 1881 865 1905 non
885 1866 960 1905 hoc
981 1881 1067 1906 esse
1089 1871 1223 1906 meriti
1242 1872 1337 1914 mei,
1358 1876 1405 1907 ut

217 1931 397 1969 inducias
408 1930 568 1967 vivendi
586 1928 649 1967 vel
666 1932 859 1979 accipiam
875 1928 939 1967 vel
954 1943 1020 1967 me
1038 1935 1298 1980 accepturum
1316 1945 1403 1969 esse

500 2032 512 2052 1
537 2032 673 2066 Known
689 2043 728 2065 as
743 2033 802 2066 the
820 2033 839 2046 ‘⁶
854 2033 985 2065 YeHow
999 2032 1119 2067 Pest.’'

218 2083 288 2130 388
