1473 2322
171 187 235 210 CAP.

148 224 250 255 XIII.

155 341 251 373 XIV.

172 586 248 617 XV.

153 745 248 778 XVI.

134 863 248 895 XVII.

116 1023 250 1054 XVIII.

149 1139 249 1171 XIX.

169 1342 249 1374 XX.

150 1552 250 1585 XXI.

131 1678 251 1710 XXII.

115 1846 252 1878 XXIII.

375 124 668 162 ELENCHUS
707 124 959 162 CAPITUM

275 224 324 255 Ut
340 224 375 255 in
391 224 558 255 Hibernia
573 225 619 254 sit
634 223 775 263 quidam
792 234 852 264 per
866 224 1027 264 reliquias
1042 225 1114 255 eius
1130 235 1150 255 a

318 267 438 297 mortis
459 266 605 297 articulo
625 269 806 297 revocatus

276 341 324 372 Ut
337 341 502 372 defuncto
513 341 670 377 Paulino,
682 340 839 372 Ithamar
851 351 911 382 pro
922 352 962 372 eo
973 342 1151 372 Hrofensis

318 384 478 414 ecclesiae
515 384 749 424 praesulatum
785 385 989 424 susceperit;
1038 387 1073 415 et
1109 385 1150 415 de

319 426 516 457 humilitate
549 426 697 457 mirabili
730 427 816 467 regis
851 426 981 462 osuini,
1014 428 1072 467 qui
1106 427 1150 457 ab

319 469 425 551 ggfflu
452 468 581 500 crudeli
607 469 710 500 caede
740 472 938 510 peremptus
967 472 1020 500 est
1051 471 1151 509 [644

273 585 322 617 Ut
352 587 531 627 episcopus
558 585 671 617 Aidan
699 587 816 617 nautis
845 589 880 617 et
907 589 1152 627 tempestatem

317 628 470 659 futuram
488 629 707 669 praedixerit,
723 632 755 659 et
773 629 885 659 oleum
902 632 1061 660 sanctum
1078 639 1147 670 quo

317 671 405 702 hane
425 671 598 708 sedarent,
618 671 752 704 dederit
767 672 948 712 [642—644]

272 745 321 777 Ut
348 746 439 777 idem
465 746 646 777 admotum
673 745 718 776 ab
753 745 911 777 hostibus
938 746 1013 778 urbi
1041 748 1152 788 regiae

316 790 429 829 ignem
445 788 575 819 orando
591 789 761 819 amoverit
804 813 812 820 .

272 862 322 894 Ut
354 866 501 904 apposta
538 862 698 894 ecclesiae
734 864 789 894 cui
822 863 913 894 idem
946 863 1152 895 accumbens

317 906 463 942 obierat,
504 906 648 936 ardente
689 909 805 937 cetera
846 906 960 942 domo,
1003 906 1151 938 fiammis

317 948 451 979 absumi
471 949 682 988 nequiverim
713 951 749 979 et
767 948 809 979 de
827 949 964 980 interna
983 951 1057 980 vita
1076 951 1148 980 eius

275 1023 517 1105 D]6?Yit³l33{]¹
549 1025 659 1054 morte
691 1023 837 1063 religiosi
868 1024 954 1064 regis
985 1023 1152 1065 Sigbercti

274 1139 324 1170 Ut
350 1140 496 1171 Furseus
523 1140 617 1180 apud
645 1139 837 1171 Orientales
863 1140 992 1181 Anglos
1018 1151 1151 1172 monas-

318 1183 444 1213 terium
462 1183 599 1219 fecerit;
630 1185 666 1213 et
684 1183 726 1213 de
746 1183 934 1214 visionibus
954 1184 1007 1214 vel
1025 1186 1150 1215 saneti-

318 1228 393 1256 tate
407 1226 489 1260 eius,
505 1226 558 1256 eui
574 1228 680 1256 etiam
694 1236 773 1256 caro
789 1229 867 1266 post
882 1229 1027 1257 mortem
1042 1228 1150 1257 incor-

317 1271 421 1309 rupta
437 1268 675 1299 testimonium
695 1268 904 1309 perhibuerit
926 1269 965 1308 [c.
985 1270 1151 1309 630-648]

274 1343 323 1374 Ut
346 1342 511 1373 defuncto
529 1343 695 1381 Honorio,
715 1344 921 1383 pontificatu
944 1345 989 1374 sit
1012 1344 1152 1375 functus

320 1385 528 1421 Deusdedit3
565 1387 602 1416 et
626 1386 685 1425 qui
710 1386 745 1416 in
770 1389 926 1426 tempore
950 1387 1009 1417 illo
1035 1386 1151 1418 Orien—

318 1427 443 1458 talium
470 1427 670 1467 Anglorum,
699 1428 758 1467 qui
786 1428 965 1460 Hrofensis
991 1430 1152 1461 ecelesiae

318 1470 447 1501 fuerint
462 1471 638 1501 antistites
654 1471 747 1510 [653]
808 1496 816 1503 .

274 1553 324 1585 Ut
341 1553 518 1594 provincia
534 1553 864 1584 Mediterraneorum
881 1553 1070 1594 Anglorum
1087 1556 1151 1587 sub

319 1606 396 1637 rege
410 1596 525 1628 Peada
539 1595 734 1627 Christiana
748 1597 793 1627 sit
806 1596 900 1627 faeta
915 1598 1008 1637 [653]
1029 1623 1035 1630 .

276 1678 326 1711 Ut
356 1678 547 1710 Orientales
576 1678 727 1710 Saxones
755 1678 858 1710 fidem
887 1689 992 1720 quam
1020 1680 1152 1712 dudum

320 1721 529 1757 abiecerant,
547 1721 611 1752 sub
629 1731 706 1762 rege
724 1721 912 1763 Sigbercto,
931 1723 1152 1764 praedicante

320 1763 436 1795 Ceddo
451 1765 640 1805 receperint
657 1765 749 1804 [653]
808 1788 816 1796 .

277 1847 326 1878 Ut
338 1846 428 1877 idem
441 1848 620 1887 episcopus
633 1846 725 1878 cedd
737 1847 850 1878 locum
864 1850 1060 1879 monasterii
1073 1860 1150 1880 oon-

321 1890 476 1920 struendi
492 1889 537 1920 ab
561 1889 756 1921 oidilualdo
780 1900 856 1930 rege
879 1892 1060 1932 accipiens,
1077 1903 1150 1922 ora-

321 1931 474 1962 tionibus
496 1942 535 1962 ac
557 1932 691 1962 ieiuniis
714 1932 862 1964 Domino
883 1935 1150 1967 consecraverit:

321 1976 358 2005 et
375 1974 417 2005 de
435 1974 533 2005 obitu
550 1975 657 2015 ipsius
674 1975 816 2015 [664J.

1184 186 1259 208 PAGF,

1137 291 1144 298 .
1197 268 1260 298 386

1138 537 1145 543 .
1198 512 1260 543 392

1137 697 1145 704 .
1197 673 1261 703 400

1137 814 1143 818 .
1197 790 1260 820 402

1196 950 1259 980 404

1138 1092 1144 1098 .
1198 1068 1261 1098 412

1197 1271 1261 1301 414

1138 1498 1145 1505 .
1196 1473 1260 1504 428

1138 1623 1145 1629 .
1196 1600 1261 1630 430

1138 1791 1145 1798 .
1196 1767 1261 1798 434
