1473 2322
416 139 528 175 THE
569 137 901 176 VENERABLE
938 137 1086 175 BEDE

657 255 772 294 CAP.
810 256 849 294 X

167 343 216 381 Ut
242 356 347 394 papa
379 341 596 393 Bong'f'atius
631 341 793 379 eumdem
828 355 948 392 regem
981 341 1102 379 missis
1136 341 1264 379 litteris
1299 341 1344 377 sit

557 396 721 433 hortatus
748 395 798 432 ad
810 395 944 446 fidem.

213 481 302 528 Quo
341 486 525 531 tempore
566 480 858 519 exhortatorias
898 481 950 518 ad
983 480 1104 518 fidem
1134 479 1290 518 litteras
1323 493 1346 516 a

162 535 350 585 pontifice
376 535 480 572 sedis
507 534 749 585 apostolicae
769 533 969 571 Bonifatio
989 536 1158 584 aceepit,
1178 547 1345 584 quarum

161 591 240 626 ista
263 592 325 626 est
347 587 496 625 forma:

162 656 378 708 Exemplar
413 656 606 707 epistolae
641 659 862 695 beatissimi
898 661 941 695 et
976 657 1182 706 apostolici
1216 670 1346 707 papae

212 712 318 749 urbis
352 712 556 748 Romanae
591 710 780 748 ecclesiae
814 710 1018 755 Bonifatii,
1051 711 1230 748 directae
1264 712 1346 746 viro

211 764 380 816 glorioso
404 764 590 802 Aeduino
613 766 699 815 regi
723 762 957 814 Anglorum.

213 834 235 847 “
254 834 347 871 Viro
367 832 537 884 glorioso
557 833 743 871 Aeduino
762 835 848 883 regi
868 831 1105 884 Anglorum‚
1124 832 1347 870 Bonifatius

163 890 371 938 episcopus
396 900 532 924 servus
556 899 759 924 servorum
783 886 875 924 Dei.

213 948 236 964 ‘⁶
253 940 369 978 Licet
384 953 565 978 summae
588 940 808 978 divinitatis
829 941 1013 990 potentia
1027 939 1228 977 humanae
1242 939 1348 977 locu-

162 996 281 1032 tionis
307 994 442 1031 officiis
470 993 674 1044 explanari
702 1007 782 1030 non
808 993 955 1037 valeat,
982 995 1130 1043 quippe
1158 1006 1261 1042 quae
1288 995 1348 1030 sui

162 1047 441 1098 magnitudine
470 1049 527 1083 ita
556 1046 740 1084 invisibili
770 1051 893 1096 atque
922 1046 1190 1097 investigabili
1219 1050 1348 1084 aeter-

162 1104 292 1138 nitate
333 1103 529 1144 consistit,
572 1105 617 1137 ut
657 1099 757 1137 haec
797 1099 906 1137 nulla
945 1102 1097 1150 ingenii
1137 1102 1348 1150 sagacitas,

163 1159 315 1205 quanta
354 1156 419 1198 sit,
459 1153 800 1203 comprehendere
841 1154 1118 1203 disserereque
1158 1153 1348 1190 sufficiat:

164 1211 258 1258 quia
294 1212 433 1245 tamen
470 1210 554 1245 eius
590 1206 818 1243 humanitas
856 1207 907 1244 ad
942 1208 1253 1244 insinuationem
1288 1208 1349 1243 sui

162 1263 348 1299 reseratis
374 1260 501 1297 cordis
526 1262 669 1304 ianuis,
695 1273 799 1310 quae
826 1260 876 1297 de
903 1262 1121 1310 semetipsa
1145 1259 1350 1310 proferen-

162 1314 259 1359 tur,1
273 1318 429 1352 secreta
441 1313 626 1350 humanis
639 1315 843 1351 mentibus
856 1315 1115 1363 inspiratione
1129 1313 1350 1352 clementer

162 1367 359 1411 infundit3
395 1367 447 1405 ad
467 1367 788 1404 adnuntiandum
809 1367 918 1404 vobis
939 1366 1233 1416 plenitudinem
1254 1366 1346 1405 fidei

164 1421 413 1459 Christianae
452 1419 743 1458 sacerdotalem
781 1422 1003 1457 curavimus
1041 1419 1348 1458 sollicitudinem

163 1487 390 1525 prorogare,
434 1477 481 1511 ut
525 1473 692 1524 perinde
738 1473 884 1511 Christi
929 1472 1197 1524 evangelium,
1241 1473 1346 1524 quod

163 1527 344 1566 Salvator
370 1531 507 1565 noster
533 1528 716 1564 omnibus
743 1528 951 1577 praecepit
976 1528 1165 1577 gentibus
1191 1527 1349 1577 praedi-

163 1584 257 1626 cari,
302 1583 442 1619 vestris
490 1594 650 1631 quoque
696 1581 878 1618 sensibus
923 1582 1162 1625 inserentes,
1208 1579 1347 1618 salutis

165 1640 320 1673 vestrae
333 1634 511 1672 remedia
523 1633 812 1684 propinemus.²
854 1633 1059 1683 Supernae
1072 1635 1195 1684 igitur
1206 1636 1348 1672 maies-

163 1691 259 1726 tatis
279 1687 507 1732 clementia,
524 1700 628 1738 quae
647 1691 791 1724 cuncta
811 1686 893 1724 solo
914 1688 1035 1725 verbo
1054 1689 1346 1738 praeceptionis

472 1782 484 1800 ¹
508 1780 561 1812 for
579 1779 761 1821 proferetur
776 1779 873 1812 MSS.

471 1823 483 1843 ²
505 1823 559 1855 for
574 1823 796 1864 propinentur
810 1822 919 1860 MSS„
936 1833 991 1854 see
1006 1823 1057 1855 Pl.

207 1931 220 1951 ¹
242 1930 409 1963 Paulinus
434 1941 504 1962 was
528 1908 750 1962 consecrated
773 1931 809 1962 in
834 1930 920 1971 July
944 1931 1009 1962 625
1033 1930 1102 1961 and
1127 1930 1293 1961 Boniface
1315 1930 1346 1962 V

162 1974 241 2006 died
257 1975 293 2005 in
313 1973 464 2005 October
481 1974 556 2009 625,
573 1973 685 2004 which
703 1974 818 2005 leaves
835 1973 926 2004 little
943 1973 1028 2004 time
1045 1973 1099 2004 for
1116 1973 1345 2005 communica-

163 2018 255 2049 tions
273 2016 430 2048 between
451 2016 703 2048 Northumbria
725 2016 796 2048 and
817 2016 940 2047 Rome.
985 2015 1057 2047 The
1078 2015 1198 2047 letters
1220 2016 1257 2047 of
1275 2015 1346 2047 this

164 2081 234 2118 254
