1473 2322
453 120 565 159 THE
601 119 934 159 VENERABLE
970 120 1119 160 BEDE

242 224 308 262 Ab
327 224 471 262 eodem
490 223 658 261 Claudio
674 222 961 273 Vespasianus,
978 226 1047 275 qui
1065 230 1158 274 post
1174 224 1378 263 Neronem

192 279 421 327 imperavit,
465 279 506 313 in
550 276 793 314 Brittaniam
837 279 996 321 missus,
1040 280 1164 315 etiam
1209 278 1378 315 Vectam

192 330 364 368 insulam
382 330 607 367 Brittaniae
625 333 849 380 proximam
865 343 889 367 a
907 331 1090 375 meridie,
1109 331 1378 368 Romanorum

193 384 337 422 ditioni
351 384 605 434 subiugavit;
637 396 742 434 quae
762 382 888 422 habet
903 385 953 421 ab
968 386 1124 422 oriente
1139 387 1180 421 in
1195 397 1378 422 occasum

192 439 362 488 triginta
382 439 541 474 circiter
561 436 671 473 milia
692 449 897 486 passuum,
920 438 971 474 ab
994 443 1130 475 austro
1152 440 1193 474 in
1214 438 1379 476 boream

193 490 420 534 duodecim,
457 493 498 527 in
536 490 797 528 orientalibus
834 492 915 527 suis
952 492 1134 541 partibus
1170 494 1272 528 mari
1308 504 1379 529 sex

193 544 362 588 milium,
393 546 435 580 in
467 543 783 581 occidentalibus
814 546 937 581 trium
969 557 993 581 a
1023 544 1246 582 meridiano
1277 544 1381 582 Brit·

194 599 330 634 taniae
358 597 475 635 litore
504 597 672 634 distans.
725 596 953 635 Succedens
982 603 1120 635 autem
1150 598 1317 635 Claudio
1335 601 1377 635 in

194 653 407 700 imperium
427 650 549 694 Nero,
567 650 665 687 nihil
683 653 845 687 omnino
863 653 903 687 in
923 664 966 688 re
984 651 1147 688 militari
1166 664 1285 688 ausus
1303 657 1380 690 est.

196 703 316 741 Unde
339 706 447 741 inter
469 703 547 740 alia
571 703 740 741 Romani
764 706 878 755 regni
901 704 1149 742 detrimenta
1170 707 1382 742 innumera

194 757 435 794 Brittaniam
454 769 559 807 pene
578 759 735 795 amisit:
767 770 860 794 nam
879 757 959 795 duo
977 758 1052 794 sub
1071 771 1118 796 eo
1137 757 1380 795 nobilissima

195 810 343 860 oppida
363 810 440 847 illic
461 816 581 860 capta
601 816 725 861 atque
746 811 936 848 subversa
957 816 1063 848 sunt.

657 1009 775 1048 CAP.
813 1009 870 1047 IV

252 1096 302 1134 Ut
328 1095 467 1134 Lucius
493 1095 747 1133 Brittanorum
774 1108 839 1133 rex
866 1095 991 1134 missis
1019 1095 1070 1133 ad
1095 1095 1332 1135 Eleutherum

349 1164 491 1201 papam
509 1150 624 1187 literis
645 1149 894 1188 Christianum
912 1149 1051 1200 sesteri
1062 1149 1222 1201 petierit.

246 1236 365 1273 ANNo
405 1236 455 1274 ab
492 1238 768 1273 incarnatione
808 1236 972 1273 Domini
1010 1237 1231 1273 centesimo
1269 1237 1385 1286 quin-

196 1292 431 1341 quagesimo
455 1296 571 1327 sexto
598 1289 760 1326 Marcus
785 1290 1014 1326 Antoninus
1039 1289 1181 1333 Verus,
1204 1289 1384 1327 decimus

196 1349 364 1393 quartus
387 1344 438 1380 ab
460 1344 648 1394 Augusto
669 1356 839 1393 regnum
862 1356 953 1379 cum
976 1342 1141 1380 Aurelio
1163 1342 1384 1381 Commodo

197 1396 322 1435 fratre
338 1399 537 1447 suscepit:
553 1396 568 1420 1
584 1409 754 1447 quorum
769 1397 1019 1446 temporibus
1034 1409 1125 1433 cum
1140 1395 1384 1434 Eleutherus

198 1453 256 1487 vir
274 1456 436 1488 sanctus
455 1450 709 1500 pontificatui
729 1450 934 1487 Romanae
954 1449 1146 1487 ecclesiae
1161 1455 1384 1500 praeesset,

197 1506 308 1542 misit
339 1504 391 1542 ad
424 1517 517 1542 eum
551 1503 698 1541 Lucius
730 1503 1019 1540 Brittaniarum
1053 1516 1125 1541 rex
1158 1503 1385 1553 epistolam,

198 1559 410 1595 obsecrans
428 1563 476 1594 ut
492 1570 566 1607 per
583 1560 668 1595 eius
685 1557 924 1594 mandatum
943 1556 1192 1594 Christianus
1210 1557 1385 1595 efficere-

200 1617 285 1647 tur:
329 1617 373 1648 et
393 1624 487 1648 mox
508 1610 696 1648 effectum
717 1613 807 1660 piae
835 1610 1118 1660 postulationis
1145 1615 1383 1648 consecutus

625 1690 638 1710 1
663 1689 801 1722 Orosius
821 1690 879 1721 vii.
900 1691 951 1721 15.

243 1778 256 1797 1
277 1777 396 1814 Three,
437 1778 502 1809 viz.
544 1776 829 1814 Camalodunum,
870 1775 1117 1813 Verulamium,
1164 1775 1383 1807 Londinium.

195 1821 276 1853 Tac.
292 1820 384 1851 Ann.
400 1820 470 1851 xiv.
487 1821 540 1856 31,
556 1820 610 1852 33.

242 1864 254 1882 ²
276 1862 479 1904 Commonly
503 1862 612 1894 called
637 1862 772 1893 Marcus
796 1861 965 1898 Aurelius,
990 1860 1066 1892 who
1099 1860 1285 1892 succeeded
1309 1870 1381 1893 ΔΛ).

198 1907 254 1967 16¹}
262 1930 479 1988 ‘Commonly
502 1946 609 1978 called
633 1946 757 1978 Lucius
781 1946 937 1977 Aurelius
960 1945 1078 1982 Verus,
1102 1945 1178 1976 who
1209 1945 1288 1977 died
1310 1955 1383 1978 ΑΛ).

199 1992 273 2023 169.
319 1991 389 2022 The
417 1991 553 2022 earliest
580 1990 661 2022 date
688 1991 742 2021 for
768 1989 828 2021 the
857 1989 1028 2020 accession
1056 1988 1092 2020 of
1118 1988 1322 2020 Eleutherus
1354 1989 1384 2021 is

205 2055 250 2091 28
