1473 2322
438 147 551 185 THE
587 146 918 185 VENERABLE
953 146 1100 185 BEDE

231 250 345 288 Fecit
381 253 489 288 inter
526 248 605 287 alia
642 250 787 288 beatus
824 263 931 300 papa
968 250 1201 302 Gregorius,
1239 256 1285 288 ut
1321 253 1362 288 in

179 303 354 341 ecclesiis
399 307 630 341 sanctorum
675 303 948 353 apostolorum
993 303 1103 342 Petri
1148 308 1191 343 et
1236 303 1364 349 Pauli,

178 370 299 407 super
323 369 490 406 corpora
515 370 654 394 eorum
678 359 823 395 missae
848 356 1162 395 celebrarentur.
1215 356 1297 396 Sed
1321 362 1365 396 et

179 412 220 446 in
249 413 336 459 ipsa
364 412 576 448 missarum
604 409 878 448 celebratione
906 413 985 447 tria
1013 412 1136 448 verba
1162 414 1364 449 maximae

179 463 437 512 perfectionis
466 463 586 513 plena
612 464 908 513 superadjecit:
953 469 978 486 “
997 463 1180 514 Diesque
1207 469 1363 502 nostros

179 519 221 553 in
243 521 317 554 tua
340 530 439 566 pace
464 517 666 566 disponas,
690 521 814 567 atque
839 518 890 554 ab
914 521 1082 555 aeterna
1104 518 1364 556 damnatione

180 583 250 608 nos
289 572 404 620 eripi,
443 574 485 608 et
523 572 565 607 in
603 570 825 608 electorum
862 575 1025 608 tuorum
1061 571 1202 609 iubeas
1239 585 1364 623 grege

179 636 395 661 numerari.

230 676 354 714 Rexit
384 680 524 714 autem
555 675 765 715 ecclesiam
795 677 1046 727 temporibus
1075 679 1366 727 imperatorum

181 729 368 767 Mauricii
382 734 425 768 et
440 730 609 768 Focatis.
663 729 848 768 Secundo
862 735 1001 768 autem
1014 731 1196 769 eiusdem
1210 731 1366 770 Focatis

180 796 285 821 anno
307 786 508 821 transiens
532 797 583 821 ex
607 782 682 821 hac
706 787 789 820 vita
812 786 1002 834 migravit
1024 784 1077 822 ad
1100 798 1236 822 veram
1259 798 1364 835 quae

180 839 222 873 in
252 836 374 875 caelis
405 841 468 874 est
498 839 636 874 vitam.
691 835 882 886 Sepultus
912 851 1008 875 vero
1038 842 1102 876 est
1130 851 1296 888 corpore
1324 840 1366 876 in

180 889 349 928 ecclesia
374 890 486 928 beati
514 889 625 928 Petri
652 890 838 940 apostoli,
872 895 968 929 ante
993 894 1272 937 secretarium,
1299 891 1364 930 die

180 948 323 994 quarto
350 943 490 981 iduum
520 943 778 988 Martiarum,
805 945 1049 995 quandoque
1090 947 1132 982 in
1159 947 1245 995 ipso
1273 958 1363 982 cum

180 999 324 1035 ceteris
347 1002 512 1035 sanctae
537 996 730 1035 ecclesiae
754 999 983 1047 pastoribus
1007 1003 1302 1036 resurrecturus
1325 1001 1364 1035 in

179 1049 326 1101 gloria:
378 1052 656 1102 scriptumque
693 1053 735 1088 in
772 1052 916 1088 tumba
952 1054 1076 1101 ipsius
1114 1051 1365 1102 epitaphium

178 1103 429 1142 huiusmodi:

178 1179 201 1195 “
217 1173 397 1222 Suscipe‚
416 1176 540 1217 terra,
558 1177 631 1210 tuo
650 1186 792 1223 corpus
811 1173 863 1212 de
882 1187 1046 1224 corpore
1065 1178 1286 1225 sumptum,

260 1226 447 1265 Reddere
467 1227 575 1276 quod
595 1226 727 1265 valeas
747 1227 973 1265 xdvifieante
993 1227 1096 1266 Deo.

208 1279 378 1330 Spiritus
399 1284 506 1318 astra
525 1282 645 1330 petit,
663 1279 736 1318 leti
755 1280 810 1317 nil
829 1283 915 1318 iura
932 1282 1152 1326 nocebunt,

259 1333 333 1371 Cui
352 1336 460 1371 vitae
480 1333 644 1371 alterius
662 1347 768 1372 mors
787 1336 915 1385 magis
933 1337 1021 1384 ipsa
1039 1337 1103 1372 via
1122 1338 1196 1373 est.

210 1386 413 1424 Pontificis
430 1389 573 1424 summi
593 1386 666 1424 hoc
683 1386 926 1425 clauduntur
941 1389 1123 1426 membra
1139 1388 1337 1438 sepulcro,

258 1440 337 1488 Qui
357 1442 576 1478 innumeris
594 1454 755 1490 semper
774 1443 872 1478 vivit
890 1442 1041 1492 ubique
1060 1442 1186 1480 bonis.

208 1494 393 1532 Esuriem
412 1494 583 1543 dapibus
601 1496 821 1543 superavit,
839 1494 989 1545 frigora
1007 1499 1134 1539 veste,

257 1548 396 1598 Atque
416 1549 569 1585 animas
587 1550 750 1586 monitis
767 1550 875 1586 texit
893 1549 945 1585 ab
963 1547 1079 1586 hoste
1098 1550 1231 1586 sacris.

211 1600 496 1652 Implebatque
514 1605 622 1645 actu,
640 1602 832 1651 quicquid
847 1615 1031 1640 sermone
1048 1602 1236 1646 docebat,

260 1655 378 1692 Esset
399 1659 444 1691 ut
463 1654 709 1704 exemplum,
728 1657 900 1705 mystica
918 1657 1041 1693 verba
1058 1655 1240 1706 loquens.

211 1708 275 1745 Ad
294 1707 498 1746 Christum
517 1708 671 1758 Anglos
690 1711 890 1746 convertit
907 1711 1064 1758 pietate
1082 1711 1290 1760 magistra,

259 1761 489 1811 Adquirens
508 1761 601 1799 fidei
622 1763 783 1811 agmina
801 1766 927 1812 gente
946 1775 1061 1799 nova.

213 1815 288 1853 Hie
310 1814 438 1860 labor,
461 1814 536 1852 hoc
559 1815 754 1860 studium,
777 1814 878 1854 haec
900 1816 976 1853 tibi
1000 1829 1108 1860 cura,
1130 1815 1206 1853 hoe
1228 1819 1366 1865 pastor

1150 1869 1314 1920 agebas,

261 1920 321 1959 Ut
335 1919 513 1959 Domino
530 1920 692 1959 offerres
707 1920 880 1972 plurima
894 1921 1005 1959 lucra
1020 1924 1168 1973 gregis.

211 1975 366 2026 Hisque
385 1974 465 2014 Dei
482 1974 619 2013 consul
637 1974 768 2013 factus
785 1974 939 2014 laetare
954 1975 1168 2026 triumphis
1183 1988 1192 2012 :

259 2028 364 2066 Nam
383 2029 613 2067 mercedem
631 2041 800 2083 operum
817 2030 898 2066 iam
916 2031 1002 2067 sine
1021 2028 1100 2071 fine
1118 2026 1276 2069 tenes.'¹

181 2083 248 2131 198
