1473 2322
463 136 574 173 THE
610 136 940 174 VENERABLE
974 137 1121 175 BEDE

249 237 340 285 Quo
365 240 480 288 regni
505 236 678 276 culmine
704 238 956 285 sublimatus,
981 239 1250 287 nihilominus,
1277 242 1382 292 quod

200 302 343 337 mirum
374 300 485 337 dictu
517 305 593 345 est,
623 301 867 350 pauperibus
899 306 942 339 et
971 304 1193 352 peregrinis
1223 316 1381 353 semper

199 359 372 406 humilis,
405 361 604 411 benignus
643 367 686 400 et
712 361 847 412 largus
885 362 975 417 Qt.
1029 362 1219 415 Denique
1255 365 1384 403 fertur

199 426 294 473 quia
319 429 504 473 tempore
532 424 707 474 quodam
734 438 826 462 cum
847 425 912 463 die
932 431 1072 463 sancto
1099 426 1272 476 paschae
1292 440 1383 464 cum

198 483 382 533 praefato
397 486 582 534 episcopo
595 485 842 523 consedisset
855 485 907 522 ad
918 486 1386 538 prandium,p0situsque

200 551 307 583 esset
329 548 371 583 in
394 560 535 584 mensa
556 559 691 583 coram
716 560 763 584 eo
787 547 917 585 discus
942 553 1159 597 argenteus
1182 548 1385 599 regalibus

200 606 326 658 epulis
369 607 556 657 refertus,
600 614 643 646 et
684 611 928 659 iamiamque
971 615 1107 647 essent
1147 624 1290 648 manus
1333 611 1385 649 ad

200 683 347 719 panem
369 670 693 707 benedicendum
714 673 886 715 missuri,
901 673 1072 709 intrasse
1094 672 1227 709 subito
1249 674 1385 710 minis-

198 737 307 769 trum
340 733 462 781 ipsius
497 734 560 769 cui
594 733 937 782 suscipiendorum
970 735 1136 783 inopum
1170 739 1258 771 erat
1292 747 1383 771 cura

199 792 402 843 delegata,
424 799 467 832 et
486 794 681 831 indicasse
702 796 789 844 regi
809 797 904 844 quia
922 793 1141 832 multitudo
1161 809 1382 845 pauperum

198 855 480 906 undecumque
510 856 727 893 adveniens
752 858 930 893 maxima
955 855 1184 906 perplateas
1211 858 1386 903 sederet,

198 915 404 966 postulans
422 914 573 966 aliquid
590 916 872 967 eleemosynae
891 931 913 954 a
929 931 1025 967 rege
1040 931 1048 954 z
1066 920 1134 968 qui
1150 932 1244 955 mox
1262 919 1385 969 dapes

198 979 360 1016 sibimet
385 978 588 1028 adpositas
613 978 761 1016 deferri
785 980 1043 1029 pauperibuS,
1069 980 1141 1017 sed
1166 986 1209 1018 et
1233 981 1386 1018 discum

198 1040 408 1090 confringi,
433 1046 557 1091 atque
582 1041 734 1079 eisdem
757 1043 991 1078 minutatim
1014 1042 1137 1079 dividi
1164 1045 1384 1093 praecepit.

198 1102 288 1148 Quo
310 1105 391 1139 viso
411 1101 597 1152 pontifex
617 1105 686 1152 qui
707 1102 920 1140 adsidebat
940 1102 1166 1140 delectatus
1186 1102 1259 1140 tali
1278 1103 1386 1141 facto

198 1167 376 1214 pietatis,
404 1163 674 1214 adprehendit
701 1165 886 1202 dextram
916 1167 1014 1210 eius,
1043 1170 1085 1202 et
1112 1167 1191 1202 ait:
1233 1164 1256 1178 “
1276 1164 1386 1202 Nun-

198 1240 319 1276 quam
342 1229 611 1264 inveterascat
633 1225 733 1263 haec
754 1226 938 1263 manus.”
995 1226 1114 1272 Quod
1136 1232 1178 1264 et
1199 1229 1257 1264 ita
1271 1229 1387 1264 iuxta

198 1294 336 1326 votum
391 1288 683 1326 benedictionis
740 1290 824 1326 eius
879 1291 1076 1338 provenit.
1133 1287 1237 1326 Nam
1293 1302 1385 1326 cum

198 1350 413 1389 interfecto
431 1349 499 1388 illo
518 1352 560 1387 in
578 1363 730 1400 pugna,
749 1363 891 1387 manus
912 1363 1003 1388 cum
1022 1349 1185 1388 brachio
1205 1363 1229 1387 a
1249 1356 1385 1389 cetero

199 1418 334 1451 essent
358 1425 522 1462 corpore
551 1417 748 1457 resectae,
768 1414 939 1462 contigit
962 1417 1008 1448 ut
1036 1411 1232 1449 hactenus
1259 1414 1386 1450 incor-

197 1480 341 1525 ruptae
371 1474 604 1524 perdurent.
659 1472 849 1524 Denique
878 1476 919 1510 in
948 1474 1046 1512 urbe
1075 1476 1200 1524 regia,
1229 1487 1333 1524 quae
1363 1488 1386 1511 a

198 1539 338 1587 regina
386 1536 590 1587 quondam
638 1535 830 1572 vocabulo
878 1535 1019 1573 Bebba
1065 1538 1385 1586 cognominatur,

198 1597 326 1635 loculo
364 1597 542 1635 inclusae
583 1603 777 1647 argenteo
818 1600 859 1633 in
900 1596 1068 1635 ecclesia
1107 1599 1236 1635 sancti
1276 1596 1384 1635 Petri

199 1665 421 1705 servantur,
439 1673 485 1697 ac
501 1660 622 1709 digno
640 1673 663 1696 a
679 1661 832 1696 eunctis
850 1658 1000 1697 honore
1016 1664 1273 1697 venerantur.

249 1721 379 1758 Huius
411 1721 609 1758 industria
639 1723 759 1771 regis,
791 1720 1007 1758 Deirorum
1040 1726 1083 1758 et
1113 1720 1385 1758 Berniciorum

198 1785 440 1834 provinciae,
457 1796 560 1833 quae
583 1788 751 1820 eatenus
768 1783 819 1820 ab
838 1784 1008 1820 invicem
1024 1782 1320 1828 discordabant,
1343 1785 1385 1819 in

200 1858 321 1882 unam
346 1850 441 1882 sunt
466 1857 622 1894 pacem,
651 1849 694 1881 et
723 1843 835 1882 velut
860 1857 986 1881 unum
1011 1846 1318 1894 compaginatae
1343 1846 1384 1881 in

199 1905 404 1957 populum.
443 1906 544 1942 Erat
563 1910 701 1942 autem
720 1918 844 1955 nepos
863 1905 1039 1942 Aeduim‘
1056 1907 1162 1955 regis
1182 1918 1231 1942 ex
1251 1918 1383 1944 sorore

480 2001 493 2020 1
516 1999 759 2038 Bebbanburh,
776 2009 852 2031 now
868 1999 1121 2042 Bamborough.

200 2072 269 2112 35²
