1473 2322
428 129 539 166 THE
577 127 908 166 VENERABLE
930 127 1091 166 'BEDE

171 233 273 271 forte
314 236 355 269 in
397 231 629 282 disciplinae
671 233 808 282 vigore
849 231 1011 280 tepidus
1053 233 1216 275 existat,
1259 236 1354 268 tuae

167 302 435 340 fraternitatis
459 301 545 338 zelo
570 300 851 338 accendendus
876 306 951 337 est.
1006 299 1079 337 Cui
1104 303 1229 338 etiam
1254 301 1356 349 epis—

167 372 270 409 tolas
295 371 477 415 fecimus,
501 375 549 407 ut
572 383 663 407 cum
687 375 784 407 tuae
809 371 1036 406 sanctitatis
1061 371 1290 419 praesentia
1315 371 1354 405 in

169 441 308 479 Galliis
336 446 380 479 et
405 442 492 490 ipse
519 444 609 477 tota
635 444 775 476 mente
803 439 1031 483 subveniat,
1059 444 1102 476 et
1129 451 1234 489 quae
1262 443 1356 475 sunt

169 511 370 549 Creatoris
400 511 526 547 nostri
555 511 719 546 iussioni
749 510 963 553 contraria,
993 509 1045 545 ab
1081 510 1356 558 episcoporum

168 581 345 618 moribus
364 584 607 630 compescat.
663 578 755 629 Ipse
776 583 914 616 autem
935 583 1051 615 extra
1072 580 1355 615 auctoritatem

168 653 371 701 propriam
396 652 603 700 episcopos
629 647 850 685 Galliarum
880 648 1056 685 iudicare
1082 661 1161 684 non
1186 649 1359 697 poteris3

169 721 242 759 sed
259 720 481 763 suadendo,
499 718 758 762 blandiendo,
775 718 883 754 bona
900 730 1061 767 quoque
1080 730 1203 767 opera
1221 730 1357 755 eorum

168 791 386 827 imitationi
410 788 687 832 monstrando,
713 800 927 837 pravorum
952 792 1112 824 mentes
1138 786 1190 823 ad
1214 788 1359 823 sancti-

169 862 267 897 tatis
302 859 437 896 studia
470 856 666 895 reforma:
716 859 811 907 quia
845 858 1039 906 scriptum
1074 861 1137 894 est
1170 858 1212 892 in
1245 855 1358 907 lege:

173 931 178 941 ‘
199 928 277 967 Per
299 928 472 966 alienam
493 940 668 965 messem
690 928 904 969 transiens,
926 925 1071 963 falcem
1093 928 1258 963 mittere
1280 939 1359 963 non

171 1000 310 1043 debet,
343 999 416 1036 sed
449 1011 571 1035 manu
604 999 733 1048 spicas
767 1001 977 1034 conterere
1012 1001 1055 1034 et
1087 995 1359 1034 manducare.’

172 1069 333 1107 Falcem
361 1070 468 1106 enim
489 1068 624 1105 iudicii
646 1058 811 1105 mittere
833 1079 913 1103 non
933 1071 1051 1116 potes
1071 1068 1113 1102 in
1135 1079 1183 1104 ea
1204 1071 1359 1117 segete,

173 1153 276 1190 quae
298 1138 414 1177 alteri
434 1138 594 1176 videtur
613 1149 701 1175 esse
721 1138 954 1179 commissa3
987 1135 1060 1173 sed
1078 1149 1151 1185 per
1170 1134 1360 1173 affectum

172 1210 265 1247 boni
305 1210 450 1259 operis,
489 1206 695 1244 frumenta
733 1206 934 1243 dominica
971 1207 1159 1242 vitiorum
1198 1219 1359 1243 suorum

172 1278 298 1329 paleis
324 1277 517 1328 exspolia,
544 1282 586 1315 et
612 1279 652 1313 in
681 1275 872 1313 ecclesiae
898 1288 1063 1325 corpore
1088 1275 1291 1312 monendo
1319 1279 1361 1313 et

172 1348 453 1399 persuadendo
489 1349 603 1398 quasi
636 1345 867 1383 mandendo
902 1350 1105 1383 converte.
1159 1344 1360 1395 Quicquid

174 1432 267 1457 vero
304 1431 355 1456 ex
391 1419 635 1455 auctoritate
673 1415 876 1467 agendum
913 1420 989 1459 est,
1025 1428 1117 1451 cum
1152 1415 1360 1464 praedicto

175 1488 414 1527 Arelatense
445 1489 632 1537 episcopo
663 1491 821 1536 agatur,
851 1498 903 1522 ne
932 1487 1205 1534 praetermitti
1234 1487 1361 1534 possit

175 1559 262 1603 hoc,
290 1558 399 1609 quod
425 1560 593 1607 antiqua
619 1562 782 1606 patrum
808 1557 1011 1592 institutio
1037 1557 1203 1592 invenit.
1258 1553 1361 1591 Brit-

175 1631 377 1665 taniarum
417 1640 512 1664 vero
552 1639 690 1663 omnes
732 1628 939 1675 episcopos
979 1630 1075 1662 tuae
1115 1623 1359 1662 fraternitati

174 1700 479 1741 committimus,
508 1701 554 1733 ut
582 1696 733 1733 indocti
763 1695 998 1739 doceantur,
1025 1694 1170 1730 infirmi
1199 1707 1361 1744 persua—

174 1771 286 1806 sione
308 1768 562 1810 roborentur,
584 1766 761 1816 perversi
783 1766 1026 1802 auctoritate
1048 1762 1341 1814 corrigantur.'’

226 1837 341 1875 VIII.
374 1837 645 1887 Interrogatio
699 1835 930 1885 Augustini.
999 1833 1021 1846 ‘⁶
1040 1832 1080 1870 Si
1135 1846 1361 1884 praegnans

174 1908 317 1945 mulier
333 1907 484 1945 debeat
497 1905 722 1955 baptizari?
738 1909 810 1941 aut
823 1909 1039 1954 postquam
1053 1905 1255 1954 genuerit,
1269 1909 1361 1953 post

177 1971 1293 1984 ——-——-——-—-—-—-÷

487 2011 497 2029 1
523 2010 593 2041 The
613 2008 741 2041 British
757 2007 863 2040 Celtic
881 2007 1062 2039 Churches.

186 2070 199 2092 1
207 2068 253 2105 30
