1473 2322
427 113 538 151 THE
576 114 906 153 VENERABLE
943 115 1090 153 BEDE

162 229 376 267 congressu
411 230 435 253 a
468 216 661 254 Brittanis
695 220 838 261 victus,
871 218 1008 268 ibique
1043 217 1246 256 Labienus
1281 222 1350 256 tri-

161 279 291 315 bunus
305 280 455 315 occisus
469 284 549 316 est:
574 279 749 316 secundo
761 278 913 329 praelio
925 292 1016 316 cum
1028 292 1176 331 magno
1188 293 1350 318 suorum

162 339 389 377 discrimine
421 342 547 377 victos
580 339 784 377 Brittanos
817 342 860 377 in
891 339 1031 391 fugam
1063 343 1209 379 vertit:
1255 342 1349 380 inde

165 401 215 438 ad
243 400 393 438 flumen
416 401 647 439 Tamensim
670 401 889 452 profectus.
945 401 993 439 In
1017 401 1136 440 huius
1160 402 1350 442 ulteriore

164 465 248 512 ripa
269 462 580 500 Cassobellauno
599 463 702 502 duce
721 465 919 501 immensa
936 463 1113 501 hostium
1132 464 1351 503 multitudo

162 524 415 568 consederat,
446 527 657 575 ripamque
688 524 863 562 fluminis
895 538 942 562 ac
973 539 1079 576 pene
1111 531 1244 564 totum
1276 528 1351 564 sub

164 599 269 636 aqua
318 586 464 623 vadum
516 589 754 624 acutissimis
809 587 975 625 sudibus
1022 593 1350 638 praestruxerat:

163 661 332 699 quarum
347 650 519 700 vestigia
533 648 693 687 sudium
708 649 860 687 ibidem
876 662 1004 700 usque
1020 649 1140 688 hodie
1155 652 1351 695 visuntur,

163 714 207 747 et
237 710 398 748 videtur
429 711 751 760 inspectantibus
781 711 890 761 quod
918 711 1101 762 singulae
1130 725 1270 750 earum
1299 713 1350 750 ad

164 774 329 812 modum
374 774 539 812 humani
585 774 749 812 femoris
790 787 968 826 grossae,
1007 781 1051 813 et
1088 775 1351 814 circumfusae

162 835 326 886 plumbo
365 836 624 874 immobiliter
662 842 779 875 erant
817 840 858 873 in
896 836 1140 887 profundum
1178 837 1351 875 fluminis

162 897 332 935 infixae:
361 898 469 948 quod
486 899 554 935 ubi
571 911 595 935 a
607 898 796 935 Romanis
810 898 1108 948 deprehensum
1121 912 1167 936 ac
1178 902 1351 937 vitatum

163 965 240 1004 est,
267 960 428 996 barbari
456 959 660 1010 legionum
688 963 886 1010 impetum
915 973 995 997 non
1023 959 1217 1005 ferentes,
1245 961 1351 999 silvis

162 1034 250 1059 sese
271 1021 487 1065 obdidere3
522 1022 630 1059 unde
651 1023 800 1059 crebris
821 1023 1099 1072 eruptionibus
1114 1022 1130 1046 1
1151 1022 1351 1060 Romanos

162 1085 340 1134 graviter
359 1096 405 1120 ac
424 1095 545 1133 saepe
571 1083 818 1121 lacerabant.
873 1083 1038 1122 Interea
1062 1084 1351 1122 Trinovantum

164 1145 388 1182 firmissima
419 1147 559 1182 civitas
590 1158 682 1183 cum
714 1146 922 1196 Androgio
954 1145 1056 1183 duce
1089 1145 1194 1183 datis
1227 1146 1352 1197 quad-

164 1208 323 1257 raginta
336 1207 541 1244 obsidibus
555 1206 716 1244 Caesari
728 1220 816 1245 sese
830 1207 944 1245 dedit
958 1220 966 1244 :
999 1207 1107 1257 quod
1120 1207 1349 1258 exemplum

165 1274 329 1305 secutae
350 1268 468 1306 urbes
489 1268 590 1306 aliae
610 1268 835 1318 complures
854 1271 895 1305 in
916 1267 1057 1306 foedus
1078 1269 1350 1307 Romanorum

163 1335 374 1367 venerunt.
430 1330 579 1368 Iisdem
594 1330 981 1374 demonstrantibus,
997 1331 1145 1368 Caesar
1159 1331 1349 1381 oppidum

164 1391 464 1429 Cassobellauni
505 1394 612 1430 inter
651 1392 751 1430 duas
791 1392 959 1442 paludes
1001 1394 1137 1437 situm,
1178 1393 1351 1430 obtentu

164 1455 327 1503 insuper
354 1453 542 1491 silvarum
570 1456 787 1498 munitum,
816 1454 1082 1504 omnibusque
1111 1454 1231 1492 rebus
1260 1467 1353 1491 con-

164 1514 439 1560 fertissimum,
493 1516 661 1554 tandem
713 1518 826 1567 gravi
879 1529 1017 1566 pugna
1070 1517 1192 1566 cepit.
1246 1515 1351 1553 Exin

165 1576 312 1614 Caesar
347 1590 371 1614 a
404 1577 605 1615 Brittania
638 1591 821 1616 reversus
849 1580 891 1615 in
920 1577 1107 1622 Galliam,
1134 1583 1351 1628 postquam

165 1638 343 1689 legiones
394 1641 436 1676 in
486 1639 657 1678 hiberna
706 1641 830 1684 misit,
881 1641 1104 1689 repentinis
1155 1638 1352 1677 bellorum

165 1700 404 1738 tumultibus
424 1701 603 1752 undique
622 1703 917 1739 circumventus
939 1707 982 1738 et
1001 1700 1253 1738 conflictatus
1274 1706 1349 1738 est.

532 1794 543 1813 ¹
567 1793 634 1825 For
651 1793 906 1834 irruptionibus,
925 1793 978 1826 Pl.

210 1897 222 1916 1
246 1896 285 1934 Q.
301 1896 464 1928 Laberius
480 1896 606 1933 Durus,
622 1895 781 1928 tribunus
806 1896 968 1933 militum,
983 1896 1033 1928 De
1048 1896 1130 1928 Bell.
1146 1895 1229 1929 Gall.
1247 1906 1280 1927 v.
1298 1897 1348 1928 15.

163 1938 386 1971 Confounded
415 1938 463 1980 by
493 1939 643 1976 Orosius,
673 1938 795 1970 Bede’s
824 1938 1014 1980 authority,
1045 1938 1129 1970 m'th
1159 1938 1218 1970 tho
1256 1948 1349 1971 more

162 1982 296 2014 famous
313 1981 495 2019 Labienus,
512 1981 664 2014 Caesar's
680 1982 803 2023 leqatus
818 1991 856 2013 or
872 1981 1017 2014 Gener-al
1033 1981 1068 2013 of
1084 1981 1251 2014 Division.

170 2047 215 2080 24
