1473 2322
385 150 496 187 THE
532 148 862 188 VENERABLE
897 149 1044 187 BEDE

133 254 370 292 Brettonum
389 252 552 297 insulas,
571 265 676 302 quae
694 255 802 290 inter
820 253 1057 291 Hiberniam
1076 257 1119 291 et
1135 253 1312 290 Brittan·

131 310 209 344 iam
234 310 337 344 sitae
363 310 472 350 sunt,
497 305 721 356 Anglorum
747 307 920 344 subiecit
943 308 1134 356 imperio;
1172 310 1312 344 sextus

129 359 283 397 Osuald
307 364 350 397 et
372 361 458 409 ipse
482 359 909 410 Nordanhymbrorum
931 373 1002 398 rex
1026 359 1314 398 Christianissi-

128 428 231 458 mus,
250 413 406 451 hisdem
427 412 571 451 finibus
590 426 761 464 regnum
779 415 937 457 tenuit3
969 415 1166 463 septimus
1185 413 1313 450 Osuiu

128 466 254 505 frater
268 469 366 511 eius,
380 465 615 516 aequalibus
627 479 731 516 pene
744 468 926 505 terminis
940 480 1110 517 regnum
1124 465 1313 504 nonnullo

130 526 313 570 tempore
329 533 531 564 coercens,
548 519 752 557 Pictorum
767 533 929 570 quoque
945 524 1069 570 atque
1084 519 1314 557 Scottorum

129 579 289 625 gentes,
309 587 413 624 quae
433 572 772 623 septentrionales
791 573 1016 611 Brittaniae
1036 573 1135 612 fines
1154 577 1314 619 tenent,

128 630 306 664 maxima
340 641 390 665 ex
424 631 542 677 parte
575 627 820 677 perdomuit,
854 640 901 665 ac
934 628 1167 666 tributarias
1201 626 1312 666 fecit.

130 681 211 719 Sed
250 680 350 718 haec
390 680 662 730 postmodum.
730 680 960 719 Defunctus
1001 694 1095 718 vero
1138 684 1201 718 est
1241 694 1312 718 rex

130 733 367 772 Aedilberct
399 733 466 771 die
502 735 697 785 vigesima
731 738 876 784 quarta
909 736 1058 772 mensis
1093 734 1314 778 Februarii,

129 792 222 838 post
245 789 387 838 viginti
412 792 455 825 et
478 800 603 824 unum
627 800 752 825 annos
776 791 969 837 acceptae
993 787 1101 832 fidei,
1125 791 1250 837 atque
1273 789 1314 824 in

130 843 286 891 porticu
323 842 451 878 sancti
491 839 675 884 Martini,
711 842 818 877 intra
855 839 1065 878 ecclesiam
1101 841 1314 878 beatorum

131 894 402 944 apostolorum
426 892 537 931 Petri
561 897 604 932 et
627 892 742 930 Pauli
764 893 961 944 sepultus,
985 895 1054 932 ubi
1078 898 1121 932 et
1143 893 1313 932 Berctae

130 950 272 999 regina
288 947 449 984 condita
468 951 543 984 est.

182 1000 261 1047 Qui
280 1003 387 1038 inter
405 1005 542 1038 cetera
559 1000 680 1045 bona,
699 1013 803 1050 quae
822 1003 936 1051 genti
955 1014 1051 1039 suae
1070 1000 1314 1039 consulendo

131 1054 381 1098 conferebat,
427 1055 552 1091 etiam
596 1053 763 1091 decreta
806 1053 861 1090 illi
906 1055 1156 1099 iudiciorum,
1200 1057 1315 1091 iuxta

132 1107 319 1158 exempla
371 1107 658 1152 Romanorum,
710 1120 802 1144 cum
854 1107 1016 1145 consilio
1069 1110 1314 1158 sapientium

130 1163 364 1205 constituit3
429 1174 534 1211 quae
583 1163 810 1210 conscripta
857 1160 1082 1212 Anglorum
1130 1175 1314 1200 sermone

131 1214 327 1252 hactenus
347 1213 564 1258 habentur,
585 1218 628 1251 et
647 1214 913 1252 observantur
933 1215 984 1252 ab
1004 1228 1074 1252 ea:
1108 1217 1149 1251 in
1170 1215 1314 1265 quibus

130 1270 316 1318 primitus
341 1270 491 1317 posuit,
516 1266 691 1317 qualiter
724 1268 767 1305 id
793 1268 1010 1305 emendare
1036 1268 1220 1313 deberet,
1246 1270 1313 1318 qui

132 1321 283 1372 aliquid
302 1334 435 1358 rerum
457 1319 519 1357 vel
540 1320 748 1365 ecclesiae,
767 1320 830 1359 vel
851 1323 1041 1371 episcopi,
1062 1321 1124 1359 vel
1144 1321 1315 1372 reliquo-

132 1388 219 1412 rum
233 1374 418 1412 ordinum
431 1374 540 1412 furto
554 1373 733 1412 auferret
747 1387 756 1411 z
784 1373 919 1412 volens
933 1375 1086 1412 scilicet
1098 1377 1314 1413 tuitionem

134 1431 203 1472 cis,
222 1441 320 1478 quos
340 1432 382 1465 et
400 1441 570 1477 quorum
587 1427 812 1465 doctrinam
828 1432 1076 1478 susceperat,
1093 1433 1312 1478 praestare.

182 1482 283 1519 Erat
303 1485 442 1519 autem
462 1481 571 1518 idem
591 1480 829 1518 Aedilberct
849 1481 950 1518 filius
973 1481 1183 1526 Irminrici,
1203 1483 1313 1520 cuius

132 1539 249 1584 pater
276 1534 395 1579 Octa,
420 1536 531 1572 cuius
558 1538 676 1584 pater
702 1534 835 1579 Ocric,
860 1539 1130 1585 cognomento
1156 1535 1264 1580 Oisc,
1290 1548 1314 1572 a

132 1602 211 1638 quo
248 1602 366 1639 reges
405 1587 713 1625 Cantuariorum
751 1587 883 1626 solent
922 1588 1130 1639 Oiscingas
1168 1602 1314 1639 cogno-

132 1644 298 1680 minare.
352 1641 474 1679 Cuius
511 1646 629 1691 pater
665 1641 855 1691 Hengist,
893 1644 960 1691 qui
997 1655 1088 1679 cum
1125 1640 1205 1679 filio
1241 1655 1313 1680 suo

133 1695 226 1733 Oisc
272 1696 466 1732 invitatus
514 1707 538 1731 a
584 1694 827 1745 Vurtigerno
873 1694 1115 1732 Brittaniam
1161 1697 1311 1745 primOE

132 1750 312 1792 intravit,
331 1751 377 1784 ut
394 1760 516 1797 supra
532 1747 756 1785 retulimus.

182 1801 241 1839 At
266 1814 360 1839 vero
385 1805 477 1850 post
502 1805 675 1838 mortem
695 1800 959 1845 Aedilbercti,
978 1814 1069 1838 cum
1096 1800 1198 1839 filius
1225 1803 1309 1839 eius

132 1854 316 1892 Eadbald
327 1856 443 1904 regni
455 1853 1144 1904 gubernaculasuscepisset,magno
1152 1853 1310 1891 tenellis

178 1953 191 1971 1
215 1952 469 1992 Witanagemot
486 1961 524 1983 or
540 1951 668 1988 Witan,
685 1951 744 1983 the
760 1951 931 1992 assembly
947 1951 982 1983 of
997 1951 1057 1983 the
1072 1951 1160 1983 wiso.

176 1994 189 2013 ²
212 1994 359 2025 Kentish
375 1994 458 2025 code
474 1994 598 2026 known
613 2004 650 2025 as
666 1994 725 2025 the
741 1995 836 2025 Laws
851 1994 888 2036 of
901 1993 1068 2031 Ethelbert,
1086 1997 1123 2026 to
1142 1995 1182 2026 be
1197 1994 1305 2027 found

131 2038 165 2067 in
183 2036 346 2077 Thorpe's
363 2037 503 2068 Anniam
520 2037 616 2069 Lawe
631 2036 699 2068 and
715 2036 885 2068 Inatitutea
901 2036 939 2078 os
951 2036 1116 2076 Enqlaml.

132 2083 202 2118 226
