1473 2322
410 126 522 163 THE
560 124 889 164 VENERABLE
924 124 1072 162 BEDE

147 229 282 274 Giudi,
300 228 557 267 occidentalis
575 241 695 278 supra
712 241 769 273 se,
786 227 861 265 hoc
880 233 956 271 est,
975 227 1025 265 ad
1043 226 1254 265 dexteram
1273 230 1331 263 sui

146 291 272 329 habet
295 291 437 329 urbem
461 289 655 334 Alcluith,
680 290 788 340 quod
810 289 950 340 lingua
974 302 1111 327 eorum
1135 287 1333 338 significat

146 359 305 403 petram
323 352 458 390 Cluith
472 364 481 396 3
513 357 577 390 est
593 353 701 390 enim
717 354 832 388 iuxta
848 350 1012 388 fluvium
1028 352 1199 387 nominis
1215 349 1331 386 illius

198 414 263 453 Ob
278 415 295 438 1
311 414 454 451 harum
471 427 567 465 ergo
583 412 887 451 infestationem
903 414 1103 464 gentium,
1119 411 1333 450 Brettones

146 477 302 527 legatos
350 475 521 513 Romam
567 488 660 513 cum
708 474 886 525 epistolis
933 476 1162 518 mittentes,
1207 473 1334 524 lacry-

146 540 266 576 mosis
292 538 477 588 precibus
505 537 652 575 auxilia
678 536 934 588 flagitabant,
960 537 1332 585 subiectionemque

146 603 379 638 continuam
397 599 615 637 dummodo
632 598 758 636 hostis
776 601 989 636 imminens
1006 597 1163 649 longius
1181 610 1335 635 arcere-

147 668 227 708 tur,
267 662 575 713 promittebant.
630 660 787 708 Quibus
826 674 921 698 mox
960 660 1067 711 legio
1107 660 1335 698 destinatur

147 730 317 769 armata,
346 736 451 775 quae
482 724 552 761 ubi
581 726 624 761 in
650 722 822 761 insulam
853 722 1025 761 advecta
1051 727 1096 760 et
1122 734 1336 773 congressa

148 792 211 824 est
250 799 342 823 cum
382 785 579 830 hostibus,
618 798 810 836 magnam
851 797 991 823 eorum
1030 783 1334 822 multitudinem

146 854 346 893 sternens,
375 853 532 885 ceteros
561 849 758 885 sociorum
787 846 932 884 finibus
962 845 1142 896 expulit:
1185 858 1334 895 eosque

146 912 310 948 interim
349 922 373 946 a
411 910 609 947 dirissima
647 909 905 958 depressione
942 907 1134 946 liberatos
1171 906 1335 944 hortata

149 977 212 1010 est
234 974 435 1009 instruere
458 973 566 1009 inter
591 971 670 1008 duo
695 973 822 1008 maria
845 976 956 1007 trans
981 969 1152 1007 insulam
1175 982 1335 1007 murum

149 1035 217 1084 qui
246 1033 427 1071 arcendis
446 1032 629 1070 hostibus
658 1038 796 1083 posset
824 1045 911 1070 esse
931 1032 1153 1083 praesidio:
1197 1034 1334 1082 sicque

147 1095 312 1133 domum
359 1108 451 1133 cum
496 1093 702 1145 triumpho
749 1107 898 1145 magno
942 1107 1103 1132 reversa
1151 1098 1225 1131 est.
1277 1094 1335 1130 At

146 1157 319 1195 insulani
332 1171 492 1194 murum
506 1170 628 1207 quem
642 1158 738 1194 iussi
752 1155 928 1201 fuerant,
942 1170 1023 1193 non
1037 1161 1123 1193 tam
1136 1155 1335 1206 lapidibus

148 1233 270 1270 quam
299 1219 518 1269 cespitibus
547 1223 843 1263 construentes,
872 1223 1017 1268 utpote
1046 1217 1200 1255 nullum
1229 1219 1335 1255 tanti

148 1283 279 1331 operis
305 1280 500 1318 artificem
525 1279 739 1325 habentes,
765 1280 817 1318 ad
842 1279 940 1317 nihil
966 1279 1108 1317 utilem
1133 1284 1334 1316 statuunt.

148 1343 350 1381 Fecerunt
379 1348 517 1380 autem
548 1356 641 1380 eum
671 1344 777 1380 inter
806 1342 887 1380 duo
916 1341 1024 1379 freta
1052 1341 1116 1379 vel
1144 1343 1252 1378 sinus
1282 1341 1335 1378 de

149 1405 293 1455 quibus
319 1404 492 1442 diximus
517 1406 652 1448 maris,
678 1417 751 1454 per
776 1403 901 1441 millia
926 1416 1116 1454 passuum
1141 1402 1335 1452 plurima:

148 1472 195 1504 ut
225 1467 294 1504 ubi
323 1479 518 1516 aquarum
548 1468 720 1503 munitio
749 1465 905 1510 deerat,
932 1466 988 1503 ibi
1015 1464 1215 1515 praesidio
1242 1463 1335 1501 valli

149 1528 247 1566 fines
267 1541 357 1565 suos
379 1529 430 1565 ab
448 1527 626 1566 hostium
645 1530 875 1578 inruptione
895 1525 1186 1565 defenderent:
1220 1527 1333 1563 cuius

150 1592 279 1640 operis
302 1590 454 1627 ibidem
476 1588 587 1634 facti,
608 1590 650 1627 id
674 1595 750 1634 est,
772 1589 863 1626 valli
884 1589 1066 1626 latissimi
1089 1593 1132 1627 et
1153 1587 1333 1625 altissimi

400 1691 413 1710 1
436 1691 486 1722 To
501 1701 625 1723 reversa
641 1695 686 1723 esc
700 1690 789 1722 from
804 1689 934 1727 Gssdas,
950 1690 982 1730 ἐξ
999 1691 1051 1727 15,
1068 1690 1119 1721 16.

196 1826 208 1845 ¹
233 1825 383 1867 Perhaps
402 1825 594 1858 Inchkeith.

196 1869 208 1888 2
234 1868 462 1901 Dumbarton.

195 1913 208 1931 ³
232 1911 360 1949 Gildas,
384 1911 443 1943 the
467 1911 563 1942 VVest
587 1911 720 1948 Briton,
744 1921 852 1942 seems
876 1914 913 1942 to
937 1910 979 1941 be
1003 1908 1124 1941 Bede's
1155 1909 1332 1950 authority

151 1954 240 1991 here,
262 1954 332 1986 and
353 1953 471 1987 Gildas
492 1954 621 1985 admits
641 1953 722 1985 that
741 1954 837 1985 there
858 1963 945 1984 were
965 1962 1010 1984 no
1031 1952 1166 1985 records
1187 1953 1241 1985 for
1261 1952 1332 1984 him

151 2001 188 2028 to
204 1997 328 2034 follow,
346 1997 427 2039 only
444 1997 515 2029 oral
531 1996 716 2029 traditions
733 1996 895 2029 collected
913 1995 1054 2027 abroad.

156 2049 202 2097 56
