1473 2322
394 143 508 182 THE
546 141 877 180 VENERABLE
914 142 1063 181 BEDE

136 249 313 285 animum
338 259 548 296 compone,
573 246 669 296 quia
692 249 897 283 mutatum
923 249 986 283 est
1010 258 1077 282 cor
1100 247 1220 296 regis,
1244 257 1320 283 nec

135 309 208 346 tibi
234 307 384 358 aliquid
408 306 503 344 mali
528 306 676 351 facere,
700 306 773 344 sed
798 306 919 344 fidem
944 308 1076 356 potius
1101 305 1319 356 pollicitam

133 383 292 408 servare
343 369 542 419 disponit:
606 372 822 418 postquam
874 369 981 406 enim
1032 369 1318 418 cogitationem

133 443 261 474 suam,
282 430 333 468 de
355 442 436 480 qua
455 430 530 466 tibi
552 433 647 466 ante
669 428 765 473 dixi,
787 430 951 479 reginae
972 430 1013 465 in
1034 432 1189 467 secreto
1209 440 1319 466 reve-

132 491 245 536 lavit,
275 492 478 529 revocavit
510 504 603 528 eum
633 489 701 527 illa
732 490 783 527 ab
814 492 1055 534 intentione,
1087 502 1319 528 ammonens

135 555 230 604 quia
246 552 356 590 nulla
372 554 528 589 ratione
547 553 760 589 conveniat
777 555 893 588 tanto
911 554 997 603 regi
1015 553 1186 589 amicum
1204 564 1320 589 suum

135 616 333 665 optimum
352 616 395 651 in
414 616 656 651 necessitate
677 615 853 663 positum
873 626 969 650 auro
989 613 1178 657 vendere,
1197 615 1320 649 immo

136 676 257 714 fidem
275 688 403 719 suam,
423 687 527 725 quae
547 675 729 711 omnibus
749 677 994 712 ornamentis
1013 676 1224 725 pretiosior
1243 677 1320 718 est,

135 750 269 775 amore
295 738 490 787 pecuniae
516 734 727 786 perdere.”
781 735 890 782 Quid
915 735 1056 786 plura?
1111 735 1224 773 Fecit
1247 747 1320 772 rex

133 803 179 836 ut
202 799 355 836 dictum
379 802 463 836 est:
502 810 577 835 nec
599 796 727 834 solum
752 797 913 836 exulem
936 799 1086 834 nuntiis
1109 795 1320 834 hostilibus

133 874 213 898 non
229 860 411 904 tradidit,
429 859 501 897 sed
519 861 642 897 etiam
660 872 753 897 eum
771 863 817 896 ut
833 861 874 896 in
890 872 1060 910 regnum
1077 859 1320 908 perveniret,

133 921 298 960 adiuvit.
353 919 458 957 Nam
501 933 595 958 mox
638 920 902 958 redeuntibus
947 920 1111 957 domum
1155 920 1320 963 nuntiis,

134 984 357 1021 exercitum
407 982 458 1020 ad
506 980 794 1020 debellandum
842 981 1110 1019 Aedilfridum
1159 980 1322 1031 collegit

133 1046 351 1095 copiosum,
386 1057 560 1093 eumque
594 1044 669 1080 sibi
703 1047 981 1081 occurrentem
1014 1056 1105 1080 cum
1140 1043 1319 1080 exercitu

133 1106 306 1144 multum
331 1107 474 1155 impari
501 1106 597 1155 (non
625 1106 732 1142 enim
759 1104 930 1142 dederat
954 1104 1013 1141 illi
1039 1105 1215 1154 spatium
1242 1116 1321 1154 quo

133 1172 266 1205 totum
285 1180 401 1204 suum
421 1171 687 1217 congregaret
707 1170 830 1216 atque
851 1166 1048 1204 adunaret
1068 1163 1322 1214 exercitum),

133 1229 278 1267 occidit
308 1230 350 1265 in
382 1227 525 1265 finibus
557 1230 691 1278 gentis
725 1227 969 1265 Merciorum
1002 1226 1053 1264 ad
1084 1224 1322 1263 orientalem

131 1289 293 1341 plagam
319 1291 445 1326 amnis
471 1290 539 1339 qui
564 1292 729 1326 vocatur
755 1287 889 1326 Idlae:
928 1290 970 1324 in
995 1301 1074 1337 quo
1099 1288 1320 1325 certamine

133 1356 176 1390 et
198 1351 300 1388 filius
323 1349 534 1394 Redualdi,
557 1349 750 1387 vocabulo
773 1349 1040 1401 Raegenheri,
1063 1350 1213 1386 occisus
1236 1351 1322 1386 est:

134 1425 179 1450 ac
204 1414 260 1450 sic
284 1412 460 1450 Aeduini
486 1413 600 1448 iuxta
626 1410 830 1448 oraculum
856 1411 964 1461 quod
990 1413 1215 1460 acceperat,
1240 1422 1321 1446 non

132 1478 295 1511 tantum
312 1475 417 1524 regis
436 1474 510 1510 sibi
529 1472 666 1510 infesti
684 1473 846 1510 insidias
865 1474 1021 1517 vitavit,
1040 1485 1179 1509 verum
1198 1472 1321 1509 etiam

135 1535 267 1574 eidem
290 1538 502 1585 perempto
525 1536 567 1571 in
590 1536 704 1585 regni
728 1533 898 1585 gloriam
921 1535 1124 1571 successit.

184 1596 286 1635 Cum
319 1610 414 1647 ergo
446 1596 706 1646 praedicante
739 1596 906 1633 verbum
937 1594 1019 1633 Dei
1051 1593 1218 1632 Paulino
1249 1599 1322 1631 rex

134 1659 298 1697 credere
318 1656 510 1701 differret,
531 1662 574 1696 ct
597 1671 669 1708 per
689 1657 851 1707 aliquod
874 1661 1049 1707 tempus,
1070 1660 1116 1693 ut
1136 1656 1322 1699 diximus,

134 1720 239 1757 horis
256 1720 580 1769 competentibus
598 1718 796 1756 solitarius
814 1718 989 1762 sederet,
1007 1717 1103 1768 quid
1120 1717 1323 1767 agendum

134 1783 209 1819 sibi
232 1786 353 1826 esset,
377 1794 480 1831 quae
503 1780 643 1831 religio
666 1779 874 1830 sequenda
895 1778 1056 1817 sedulus
1079 1791 1216 1816 secum
1237 1780 1323 1827 ipse

135 1844 303 1880 scrutari
329 1846 576 1886 consuesset,
601 1841 831 1891 ingrediens
858 1840 910 1877 ad
937 1853 1030 1877 eum
1056 1839 1231 1889 quadam
1257 1838 1323 1876 die

407 1954 417 1971 ¹
441 1953 472 1984 A
486 1952 664 1993 tributary
679 1951 715 1983 of
730 1951 790 1983 the
805 1952 924 1983 Trent.

406 1995 418 2014 ‘2
443 1995 627 2037 Expelling
643 1994 704 2026 the
720 2004 801 2026 sous
817 1994 853 2026 of
870 1992 1071 2025 Ethelfrith.

136 2050 206 2095 278
