1473 2322
471 167 582 203 THE
618 165 949 203 VENERABLE
985 166 1132 203 BEDE

209 271 305 320 quid
327 271 402 307 tibi
425 272 551 306 carior
574 274 636 307 est
662 268 729 307 ille
758 267 860 306 filius
885 282 1028 319 equae,
1051 282 1172 319 quam
1199 268 1266 307 ille
1294 268 1397 306 filius

209 329 315 366 Dei?
336 327 357 340 ''
412 327 567 374 Quibus
608 327 724 365 dictis
764 328 973 365 intrabant
1013 327 1064 364 ad
1103 327 1395 377 prandendum·

208 387 263 423 Et
292 388 501 436 episcopus
530 386 694 436 quidem
721 385 928 424 residebat
955 388 995 422 in
1024 399 1095 423 suo
1122 385 1221 423 loco.
1276 385 1397 423 Porro

208 460 294 490 rex,
322 451 491 483 venerat
521 448 628 482 enim
657 445 708 483 de
738 450 903 490 venatu,
932 448 1067 495 coepit
1095 447 1316 483 consistens
1347 445 1398 482 ad

208 505 342 541 focum
362 503 536 541 calefieri
556 516 648 540 cum
667 505 881 540 ministris:
917 508 960 540 et
979 509 1149 553 repente
1170 505 1277 540 inter
1295 502 1398 540 cale-

208 562 439 600 faciendum
489 562 702 600 recordans
753 563 921 599 verbum
972 561 1081 612 quod
1131 561 1292 599 dixerat
1341 561 1395 598 illi

209 624 394 666 antistes,
413 621 602 658 discinxit
621 634 664 658 se
683 620 819 671 gladio
838 634 924 665 suo,
940 626 983 658 et
1002 621 1117 658 dedit
1134 620 1246 658 illum
1264 623 1399 658 minis-

208 688 286 727 tro,
301 681 554 731 festinusque
571 680 766 718 accedens
784 685 879 718 ante
896 680 1021 730 pedes
1039 683 1214 730 episcopi
1229 683 1399 724 conruit,

208 739 416 790 postulans
443 746 490 776 ut
515 740 590 776 sibi
616 738 799 789 placatus
827 744 949 783 esset,
975 738 998 751 “
1018 738 1124 785 Quia
1149 738 1398 789 nunquam,''

208 801 354 849 inquit,
372 798 394 811 ‘⁴
415 799 605 848 deinceps
624 797 776 848 aliquid
792 797 933 848 loquar
951 797 1001 835 de
1020 797 1108 842 hoc,
1127 803 1198 835 aut
1214 798 1399 835 iudicabo

210 858 307 910 quid
320 857 383 895 vel
396 863 594 908 quantum
609 857 659 894 de
673 859 845 907 pecunia
858 862 995 893 nostra
1009 856 1097 893 filiis
1111 857 1190 894 Dei
1203 857 1397 895 tribuas.’'

209 917 330 964 Quod
349 917 488 954 videns
511 919 735 966 episeopus,
754 915 928 953 multum
949 918 1174 966 pertimuit,
1196 929 1240 953 ac
1261 919 1397 953 statim

210 989 431 1026 exsurgens
463 975 613 1013 levavit
647 989 754 1020 eum,
787 978 1028 1026 promittens
1062 989 1105 1013 se
1138 975 1312 1013 multum
1344 975 1398 1012 illi

210 1048 297 1073 esse
335 1034 554 1085 placatum,
593 1034 811 1072 dummodo
848 1033 915 1072 ille
953 1034 1133 1071 residens
1172 1035 1224 1072 ad
1262 1034 1399 1085 epulas

210 1096 419 1131 tristitiam
468 1093 706 1144 deponeret.
761 1092 953 1143 Dumque
1002 1106 1088 1138 rex,
1136 1093 1305 1131 iubente
1355 1107 1400 1131 ac

209 1153 442 1203 postulante
481 1155 683 1202 episcopo,
719 1151 919 1190 laetitiam
956 1154 1170 1202 reciperet,
1207 1155 1342 1202 coepit
1378 1167 1399 1191 e

209 1217 350 1249 contra
380 1214 589 1261 episcopus
619 1213 745 1248 tristis
776 1224 903 1260 usque
935 1211 987 1248 ad
1015 1210 1283 1262 lacrymarum
1311 1225 1401 1262 pro-

209 1272 409 1309 fusionem
438 1271 551 1308 effici.
607 1270 739 1317 Quem
770 1270 866 1308 dum
896 1271 1111 1321 presbyter
1140 1284 1234 1308 suus
1263 1270 1401 1321 lingua

210 1345 282 1369 sua
299 1333 446 1381 patria,
465 1343 587 1380 quam
605 1343 677 1367 rex
698 1334 741 1366 et
759 1329 969 1367 domestici
989 1331 1073 1367 eius
1092 1343 1172 1366 non
1191 1335 1400 1374 noverant,

210 1404 335 1441 quare
366 1389 659 1440 lacrymaretur
689 1391 1002 1439 interrogasset:
1049 1388 1072 1401 “
1092 1387 1223 1434 Scio,”
1255 1390 1400 1439 inquit,

210 1458 233 1474 ‘·'
253 1453 347 1501 quia
377 1463 458 1487 non
487 1449 616 1487 multo
646 1454 831 1499 tempore
862 1451 1038 1486 victurus
1070 1454 1133 1486 est
1161 1461 1256 1487 rex:
1300 1462 1402 1486 nun-

211 1523 333 1561 quam
361 1511 468 1547 enim
495 1513 592 1546 ante
618 1507 719 1545 haec
745 1507 826 1545 vidi
852 1507 1046 1545 humilem
1071 1520 1224 1558 regem.
1280 1507 1400 1546 Unde

211 1569 489 1607 animadverto
523 1566 636 1604 illum
671 1569 788 1604 citius
825 1580 876 1605 ex
911 1566 986 1604 hac
1022 1569 1106 1604 vita
1140 1567 1400 1617 rapiendum:

211 1642 291 1666 non
304 1629 411 1666 enim
425 1627 548 1677 digna
560 1631 622 1664 est
635 1625 735 1664 haec
748 1639 847 1677 gens
859 1625 985 1664 talem
997 1625 1147 1664 habere
1158 1626 1399 1679 rectorems'

212 1687 297 1725 Nec
320 1685 448 1724 multo
472 1691 578 1736 post,
603 1685 689 1723 dira
714 1687 906 1722 antistitis
931 1687 1143 1736 praesagia
1165 1687 1271 1723 tristi
1294 1687 1400 1736 regis

212 1747 368 1791 funere,
392 1746 443 1784 de
468 1758 547 1796 quo
571 1758 692 1795 supra
716 1745 903 1789 diximus,
927 1744 1096 1794 impleta
1119 1749 1225 1781 sunt.

261 1805 342 1843 Sed
372 1810 415 1843 et
442 1807 528 1855 ipse
559 1807 729 1842 antistes
758 1804 892 1841 A1dan
921 1817 1001 1841 non
1035 1803 1124 1854 plus
1154 1816 1275 1854 quam
1304 1804 1401 1842 duo-

212 1865 368 1903 decimo
394 1870 487 1914 post
513 1866 752 1901 occisionem
778 1865 884 1913 regis
913 1876 1034 1913 quem
1062 1863 1227 1900 amabat
1253 1863 1334 1907 die,
1359 1864 1399 1901 id

213 1930 289 1969 est,
323 1924 453 1974 pridie
492 1922 767 1960 Kalendarum
803 1921 1118 1972 Septembrium,
1154 1921 1205 1959 de
1240 1921 1399 1959 saeculo

213 1982 385 2028 ablatus,
400 1987 600 2033 perpetua
614 1981 797 2019 laborum
813 1994 974 2019 suorum
993 1994 1015 2018 a
1029 1980 1206 2018 Domino
1221 1983 1398 2031 praemia

213 2043 378 2091 recepit.

212 2114 282 2160 398
