1473 2322
429 119 541 157 THE
578 119 612 156 V
615 118 908 156 ENERABLE
945 119 1092 157 BEDE

169 224 271 261 Cum
293 237 411 261 omne
435 224 542 273 quod
564 228 763 273 superest,
783 225 825 259 in
846 225 975 260 causis
996 225 1071 273 piis
1094 236 1140 260 ac
1159 222 1354 274 religiosis

168 285 417 336 erogandum
437 290 522 329 est3
556 284 731 322 Domino
750 287 929 322 omnium
947 287 1140 336 magistro
1158 284 1354 322 docente:

168 346 288 393 Quod
318 351 517 396 superest,
549 345 646 385 date
677 346 992 398 eleemosynam,
1023 351 1067 384 et
1096 359 1190 385 ecce
1220 348 1355 384 omnia

168 407 320 445 munda
340 413 436 445 sunt
456 406 611 444 vobis.''

219 468 274 506 II.
304 468 576 520 Interrogatio
601 469 835 520 Augustini.
887 468 911 483 ‘⁸
929 469 1032 507 Cum
1057 483 1138 507 una
1162 471 1216 507 sit
1240 469 1354 513 fideS‚

168 537 263 568 sunt
294 530 552 568 ecclesiarum
583 531 766 570 diversae
795 532 1123 576 consuetudines,
1153 536 1197 569 et
1226 531 1355 569 altera

167 593 418 630 consuetudo
454 595 666 629 missarum
700 595 743 630 in
778 599 920 631 sancta
955 593 1137 630 Romana
1173 592 1354 637 ecclesia,

169 660 293 704 atque
315 654 444 692 altera
464 657 505 690 in
527 654 748 692 Galliarum
768 655 962 693 tenetur?
981 654 1004 667 ’'

218 715 444 766 Respondit
485 715 702 764 Gregorius
743 729 862 767 papa.
907 716 940 730 “‘
959 716 1082 754 Novit
1121 715 1354 754 fraternitas

168 783 239 814 tua
273 776 480 815 Romanae
515 777 708 816 ecclesiae
740 778 1090 823 consuetudinem,
1123 780 1165 815 in
1198 790 1279 828 qua
1311 789 1354 815 se

167 841 353 876 meminit
369 841 578 876 nutritam.
632 838 713 877 Sed
728 838 825 876 mihi
841 839 990 889 placet,
1005 832 1087 878 sive
1102 841 1144 876 in
1160 839 1354 883 Romana,

168 903 251 938 sive
280 903 322 937 in
351 900 586 945 Galliarum,
614 913 686 938 seu
715 903 756 938 in
784 901 968 951 qualibet
992 892 1176 946 ecclesia,
1204 900 1356 951 aliquid

168 964 365 1011 invenisti
381 961 490 1012 quod
512 961 602 1012 plus
626 965 896 1012 omnipotenti
919 962 1010 1001 Deo
1032 965 1161 1013 possit
1181 962 1355 1012 placere,

168 1023 336 1061 sollicite
359 1023 498 1074 eligas,
522 1029 565 1061 et
585 1026 627 1061 in
648 1024 873 1075 Anglorum
895 1024 1077 1069 ecclesia,
1098 1037 1203 1075 quae
1225 1022 1355 1061 adhuc

169 1085 220 1122 ad
248 1085 370 1122 fidem
396 1090 604 1139 noyaest,
630 1087 887 1124 institutione
914 1088 1144 1136 praecipua,
1171 1098 1276 1136 quae
1303 1085 1354 1123 de

167 1146 304 1183 multis
346 1146 522 1185 ecclesiis
561 1146 749 1198 CQQE‘?
788 1150 972 1198 potuisti,
1009 1146 1211 1197 infundas
1265 1146 1355 1184 Non

169 1210 275 1245 enim
298 1221 370 1257 pro
392 1207 487 1245 locis
509 1221 586 1252 res,
608 1209 681 1246 sed
702 1222 774 1259 pro
796 1199 910 1246 bonis
932 1201 1052 1248 rebus
1074 1208 1162 1247 loca
1183 1208 1356 1252 amanda

169 1275 275 1318 sunt.
330 1269 393 1306 Ex
428 1270 595 1320 singulis
631 1284 727 1321 ergo
763 1271 991 1322 quibusque
1025 1270 1216 1315 ecclesiis,
1250 1283 1355 1320 quae

167 1334 249 1380 pia,
278 1344 383 1380 quae
411 1331 611 1381 religiosa,
641 1345 746 1381 quae
773 1338 887 1381 recta
913 1338 1010 1370 sunt
1037 1332 1156 1383 elige,
1185 1338 1228 1370 et
1255 1330 1356 1370 haec

169 1395 283 1442 quasi
304 1395 344 1428 in
365 1391 599 1430 fasciculum
620 1393 803 1439 collecta,
823 1394 933 1444 apud
952 1393 1176 1445 Anglorum
1195 1398 1356 1432 mentes

168 1457 209 1490 in
232 1454 567 1491 consuetudinem
590 1455 792 1504 depone.’'

221 1514 299 1552 III.
328 1515 600 1567 Interrogatio
622 1517 854 1568 Augustini.
907 1517 931 1530 “
949 1517 1128 1555 Obsecro
1151 1517 1248 1567 quid
1268 1518 1356 1567 pati

170 1577 334 1621 debeat,
355 1579 387 1614 si
407 1580 494 1627 quis
515 1577 666 1628 aliquid
685 1579 736 1617 de
756 1578 925 1617 ecclesia
941 1578 1054 1617 furtu
1073 1578 1314 1617 abstulerit?
1330 1576 1355 1591 ''

221 1638 446 1688 Respondit
481 1638 712 1690 Gregorius.
766 1640 897 1678 “Hoc
930 1646 1004 1678 tua
1036 1639 1269 1678 fraternitas
1304 1653 1355 1678 ex

169 1713 341 1750 persona
363 1698 460 1737 furis
481 1713 652 1750 pensare
674 1707 826 1751 potest,
848 1701 1023 1752 qualiter
1043 1702 1179 1740 valeat
1198 1704 1354 1753 corrigi.

170 1760 274 1798 Sunt
310 1764 417 1798 enim
453 1762 618 1812 quidam
654 1765 722 1813 qui
757 1762 956 1802 habentes
990 1764 1169 1802 subsidia
1201 1762 1355 1800 furtum

171 1828 432 1872 perpetrant3
480 1829 523 1861 et
554 1829 650 1861 sunt
683 1824 748 1861 alii
781 1827 850 1876 qui
882 1824 957 1862 hac
987 1827 1030 1862 in
1061 1838 1105 1863 re
1138 1838 1188 1862 ex
1220 1827 1356 1874 inopia

171 1883 435 1934 delinquunt:
482 1885 589 1922 unde
620 1899 786 1925 necesse
816 1892 882 1926 est
912 1892 959 1924 ut
990 1886 1154 1937 quidam
1184 1886 1355 1931 damnis,

633 1998 645 2017 1
667 1997 762 2030 Luke
780 1999 831 2032 11.
845 1999 901 2032 41.

178 2052 246 2076 120
