1473 2322
387 171 498 208 THE
537 169 868 208 VENERABLE
904 168 1052 206 BEDE

126 278 173 311 ut
191 286 270 311 non
291 273 418 311 solum
438 285 577 310 omnes
596 276 687 309 tuos
707 273 998 322 progenitores,
1018 271 1090 309 sed
1109 275 1153 309 et
1171 283 1309 308 omnes

127 336 194 385 qui
216 339 310 372 ante
331 338 374 372 te
394 347 511 385 reges
530 335 572 370 in
592 337 717 384 gente
738 332 961 383 Anglorum
981 332 1156 376 fuerant,
1176 336 1311 382 potes-

128 400 213 433 tate
234 395 520 433 transcendas?
540 393 562 407 ’²
616 395 674 432 At
689 394 863 431 Aeduini
883 395 1128 431 constantior
1143 395 1311 431 interro-

128 457 259 506 gando
284 456 428 501 factus,
453 469 533 493 non
558 456 759 493 dubitavit
783 457 1034 505 promittere,
1060 456 1155 504 quin
1181 456 1218 491 ei
1243 456 1311 504 qui

128 522 243 554 tanta
272 519 347 555 sibi
376 517 571 555 beneficia
602 517 785 561 donaret,
815 517 945 567 dignis
975 518 1060 566 ipse
1090 517 1311 566 gratiarum

128 580 349 617 actionibus
400 579 676 628 responderet.
743 578 847 615 Tum
897 576 965 615 ille
1017 579 1163 615 tertio:
1229 576 1251 590 “
1271 575 1311 613 Si

129 640 306 686 autem,”
341 642 486 691 inquit,
522 640 595 677 “is
631 642 698 690 qui
733 640 807 676 tibi
842 643 960 676 tanta
993 638 1171 688 taliaque
1207 638 1313 676 dona

129 704 323 740 veraciter
343 702 564 739 adventura
585 701 845 751 praedixerit,
866 703 990 738 etiam
1010 699 1218 737 consilium
1237 700 1311 737 tibi

131 767 224 801 tuae
263 762 401 801 salutis
440 776 486 799 ac
525 765 631 800 vitae
670 761 812 800 melius
852 767 975 812 atque
1014 761 1151 798 utilius
1191 774 1312 811 quam

130 823 269 874 aliquis
289 824 340 862 de
359 826 439 861 tuis
458 824 692 874 parentibus
713 827 784 860 aut
803 824 984 874 cognatis
1004 835 1182 872 unquam
1202 822 1312 860 audi-

132 888 200 930 vit,
239 885 452 923 ostendere
490 887 683 935 potuerit,
721 898 819 922 num
857 886 895 923 ei
934 885 1229 934 obtemperare,
1269 888 1313 922 et

130 948 282 983 monita
318 948 402 984 eius
439 945 629 983 salutaria
665 947 865 995 suscipere
902 945 1131 983 consentis?
1151 943 1173 957 ''
1228 943 1314 983 Nec

130 1007 285 1045 distulit
301 1008 473 1045 Aeduini
490 1009 585 1057 quin
601 1009 789 1044 continuo
805 1006 1059 1057 polliceretur
1074 1008 1114 1043 in
1129 1007 1312 1044 omnibus

130 1083 172 1107 se
201 1073 431 1108 secuturum
460 1069 682 1106 doctrinam
708 1068 826 1112 illius,
855 1070 923 1118 qui
951 1081 994 1106 se
1022 1072 1086 1105 tot
1114 1081 1160 1105 ac
1187 1070 1311 1105 tantis

130 1129 425 1167 calamitatibus
449 1134 647 1180 ereptum,
671 1130 722 1167 ad
744 1131 857 1180 regni
881 1131 1036 1180 apicem
1058 1128 1310 1179 proveheret.

131 1192 220 1238 Quo
250 1196 414 1242 accepto
443 1204 646 1241 responso,
675 1191 887 1229 confestim
914 1193 947 1228 is
976 1192 1044 1241 qui
1071 1190 1313 1241 loquebatur

130 1266 221 1290 cum
241 1266 302 1297 eo,
322 1254 511 1302 imposuit
531 1253 741 1290 dexteram
761 1265 875 1289 suam
894 1254 1016 1302 capiti
1037 1253 1134 1296 eius,
1154 1251 1312 1289 dicens:

131 1313 273 1351 “Cum
308 1313 383 1350 hoc
417 1327 512 1364 ergo
547 1314 621 1350 tibi
656 1316 814 1364 signum
850 1313 1072 1357 advenerit,
1106 1317 1312 1351 memento

130 1374 246 1412 huius
266 1377 471 1424 temporis,
491 1387 536 1411 ac
554 1374 739 1424 loquelae
759 1378 934 1419 nostrae,
954 1379 997 1412 et
1016 1387 1065 1412 ea
1084 1387 1188 1424 quae
1207 1386 1314 1411 nunc

131 1438 331 1486 promittis
360 1435 578 1485 adimplere
606 1449 658 1473 ne
686 1434 885 1474 differas.”
938 1435 994 1472 Et
1020 1435 1080 1473 his
1108 1436 1239 1479 dietis,
1266 1439 1314 1473 ut

131 1496 281 1541 ferunt,
293 1501 462 1547 repente
477 1498 685 1546 disparuit,
700 1501 745 1534 ut
757 1496 1004 1547 intelligeret
1017 1510 1096 1534 non
1109 1496 1312 1534 hominem

132 1571 218 1596 esse
243 1559 311 1608 qui
335 1558 408 1595 sibi
435 1560 699 1607 apparuisset,
723 1558 795 1595 sed
818 1559 1014 1608 spiritum.

181 1619 237 1656 Et
256 1632 345 1656 cum
366 1621 499 1668 regius
519 1621 672 1656 iuvenis
693 1618 797 1656 solus
819 1619 948 1656 adhuc
968 1619 1117 1656 ibidem
1138 1619 1312 1663 sederet,

131 1683 288 1732 gavisus
328 1680 492 1730 quidem
531 1680 582 1717 de
621 1679 767 1716 collata
805 1680 879 1717 sibi
918 1679 1202 1724 consolatione,
1241 1680 1313 1717 Sed

131 1741 300 1779 multum
322 1740 497 1777 solicitus
518 1753 562 1777 ac
582 1744 719 1778 mente
740 1739 879 1778 sedula
898 1742 1078 1790 cogitans
1099 1742 1185 1789 quis
1206 1745 1313 1778 esset

131 1802 211 1847 ille,
233 1802 296 1840 vel
319 1802 425 1839 unde
449 1803 604 1839 veniret
627 1803 693 1851 qui
717 1800 816 1838 haec
838 1801 911 1838 sibi
933 1800 1179 1850 loqueretur,
1202 1803 1313 1838 venit

131 1864 182 1901 ad
206 1876 296 1901 eum
322 1861 526 1912 praefatus
551 1863 700 1898 amicus
722 1861 840 1905 illius,
861 1861 1050 1911 laetoque
1075 1860 1186 1897 vultu
1210 1861 1313 1898 salu-

130 1929 220 1961 tans
253 1936 367 1960 eum:
414 1922 435 1934 ‘⁴
455 1921 624 1972 Surge,'’
656 1923 800 1971 inquit,
832 1921 854 1935 “
872 1924 991 1965 intra,
1023 1925 1067 1959 et
1096 1924 1235 1970 sopitis
1267 1935 1312 1959 ac

130 1984 277 2031 relictis
294 1996 477 2028 curarum
495 1984 781 2033 anxietatibuS,
798 1985 925 2035 quieti
940 1983 1121 2021 membra
1136 1982 1252 2022 Simul
1269 1987 1312 2023 et

130 2081 201 2134 276
