1473 2322
433 137 544 174 THE
581 136 614 173 V
616 135 909 174 ENERABLE
944 136 1092 174 BEDE

175 241 231 276 vir
243 240 334 277 Deo
347 239 517 277 dilectus
533 237 720 276 Paulinus
736 240 804 288 qui
818 251 908 276 cum
919 237 989 275 illa
1001 241 1171 283 veniret,
1185 251 1356 290 eamque

173 296 217 330 et
254 294 420 330 comites
451 294 550 336 eius,
579 305 632 330 ne
671 304 919 343 paganorum
957 296 1123 342 possent
1160 294 1355 330 societate

173 345 309 395 pollui,
346 345 581 395 quotidiana
617 344 899 383 exhortatione
937 349 981 383 et
1016 350 1355 383 sacramentorum

172 397 406 436 caelestium
434 397 705 436 celebratione
733 397 999 436 confirmaret.

223 451 442 489 ordinatus
473 456 536 489 est
565 456 703 489 autem
734 450 921 489 Paulinus
952 452 1160 501 episcopus
1190 464 1214 488 a
1243 451 1356 489 Iusto

173 504 483 555 archiepiscopo,
498 505 573 543 sub
588 505 653 542 die
669 504 907 542 duodecima
920 503 1184 542 kalendarum
1199 505 1356 555 Augus—

172 563 319 602 tarum,
347 571 452 595 anno
480 559 532 595 ab
559 560 833 596 incarnatione
871 557 1034 595 Domini
1061 560 1355 596 sexcentesimo

172 614 358 649 vicesimo
394 613 557 662 quinto:
604 615 648 650 et
681 613 737 648 sic
770 624 862 649 cum
896 610 1081 660 praefata
1115 613 1267 662 virgine
1303 611 1355 649 ad

172 678 310 716 regem
356 665 588 703 Aeduinum
635 666 747 714 quasi
795 677 927 702 comes
974 663 1141 714 copulae
1188 664 1355 702 carnalis

172 719 347 756 advenit.
401 717 481 756 Sed
509 720 593 767 ipse
622 719 755 767 potius
783 721 873 754 toto
901 719 1034 754 animo
1060 717 1290 762 intendens,
1310 723 1355 755 ut

170 776 337 822 gentem
361 784 483 821 quam
507 771 659 815 adibat,
684 771 736 808 ad
759 772 1007 821 agnitionem
1031 772 1212 808 veritatis
1236 771 1355 809 advo-

171 837 277 869 cans,
293 827 407 861 iuxta
422 837 561 862 vocem
577 823 760 874 apostoli,
776 825 845 861 uni
861 836 954 861 vero
969 823 985 847 1
1000 836 1145 873 sponso
1160 825 1355 875 virginem

171 882 323 915 castam
356 877 568 916 exhiberet
600 876 770 914 Christo.
825 876 1007 927 Cumque
1038 878 1080 914 in
1111 879 1355 927 provinciam

171 933 360 975 venisset,
394 930 592 968 laboravit
627 929 813 974 multum,
849 934 896 967 ut
932 934 976 968 et
1011 943 1078 967 eos
1115 931 1183 981 qui
1218 942 1354 969 secum

170 989 378 1028 venerant,
410 997 462 1022 ne
495 996 520 1021 a
551 983 630 1021 fide
663 983 897 1028 deficerent,
930 983 1104 1020 Domino
1137 983 1353 1021 adiuvante

169 1040 409 1082 contineret,
431 1041 475 1076 et
497 1036 664 1087 aliquos,
686 1038 719 1074 si
740 1036 845 1074 forte
867 1040 1018 1086 posset,
1040 1037 1091 1074 de
1113 1039 1279 1087 paganis
1303 1037 1354 1074 ad

170 1091 263 1129 fidei
299 1092 472 1142 gratiam
508 1089 776 1141 praedicando
813 1094 1080 1128 converteret.
1134 1089 1215 1128 Sed
1251 1092 1354 1128 sicut

170 1143 372 1194 apostolus
388 1146 458 1188 ait,
474 1145 653 1194 quamvis
669 1143 796 1180 multo
811 1147 994 1193 tempore
1008 1142 1075 1180 illo
1088 1142 1297 1181 laborante
1312 1145 1353 1181 in

170 1198 313 1235 verbo:
370 1196 526 1235 “Deus
569 1196 717 1235 saeculi
759 1195 875 1233 huius
919 1198 1152 1234 excaecavit
1193 1200 1352 1235 mentes

168 1249 403 1294 infidelium,
448 1264 500 1288 ne
547 1252 604 1288 eis
649 1249 826 1300 fulgeret
870 1248 1109 1287 illuminatio
1156 1248 1353 1301 evangelii

168 1305 317 1355 gloriae
343 1302 531 1341 Christi.”

220 1359 338 1395 Anno
359 1361 496 1395 autem
517 1360 714 1407 sequente
736 1358 846 1394 venit
865 1358 906 1393 in
925 1358 1168 1406 provinciam
1189 1356 1352 1406 quidam

168 1413 344 1455 sicarius,
376 1410 570 1448 vocabulo
603 1411 765 1453 Eumer,
797 1412 939 1447 missus
971 1422 997 1446 a
1027 1422 1124 1460 rege
1158 1409 1352 1448 Occiden-

168 1464 309 1501 talium
321 1463 538 1507 Saxonum,
550 1465 711 1501 nomine
725 1462 969 1506 Cuichelmo‚
981 1475 1146 1512 sperans
1157 1475 1201 1500 se
1212 1475 1351 1514 regem

168 1518 398 1555 Aeduinum
437 1530 562 1567 regno
600 1516 718 1553 simul
757 1520 801 1553 et
839 1518 922 1553 vita
959 1517 1230 1566 privaturum:
1283 1517 1352 1566 qui

168 1571 346 1608 habebat
360 1573 483 1608 sicam
500 1572 703 1619 bicipitem
719 1571 962 1613 toxicatam3
992 1573 1039 1606 ut
1053 1571 1086 1606 si
1100 1568 1195 1607 ferri
1210 1567 1351 1606 vulnus

169 1627 297 1661 minus
330 1624 382 1662 ad
413 1628 586 1661 mortem
617 1625 723 1673 regis
754 1623 967 1666 sufficeret,
999 1626 1115 1671 peste
1147 1623 1351 1660 iuvaretur

170 1679 324 1716 veneni.
379 1676 568 1714 Pervenit
581 1681 718 1714 autem
732 1676 784 1713 ad
795 1689 934 1726 regem
945 1678 1073 1726 primo
1086 1675 1150 1713 die
1164 1675 1349 1725 paschae,

641 1786 654 1804 ¹
675 1785 730 1817 for
747 1783 828 1821 viro,
844 1784 897 1816 Pl.

254 1938 268 1958 ²
289 1937 374 1969 Like
389 1936 578 1974 Liudhard‚
594 1946 630 1978 p.
648 1937 720 1968 111.
1000 1935 1012 1954 ²
1035 1936 1054 1966 2
1071 1934 1148 1966 Cor.
1164 1935 1212 1966 xi.
1227 1936 1261 1967 2.

253 1981 266 2000 ³
289 1981 308 2012 2
325 1980 402 2013 Cor.
418 1980 466 2011 xi.
481 1981 515 2012 4.
790 1978 803 1999 ὅ
824 1976 1068 2018 Anglo-Saxon
1082 1977 1262 2011 handseaae,

169 2068 237 2112 248
