1473 2322
436 151 549 189 THE
584 150 914 190 VENERABLE
949 152 1097 191 BEDE

173 254 338 293 modum
368 257 516 305 pagani
547 267 572 292 a
602 255 746 305 quibus
777 255 953 294 Aeduini
982 269 1054 294 rex
1086 258 1235 294 occisus
1267 255 1360 300 est}

174 327 265 351 cum
289 317 379 351 tota
403 314 548 352 eadem
572 313 665 351 villa
689 315 1006 353 succenderunt:
1043 328 1115 366 pro
1140 329 1221 366 qua
1243 328 1360 366 reges

173 374 414 422 posteriores
432 371 566 411 fecere
585 374 659 410 sibi
679 372 812 410 villam
830 375 871 411 in
889 375 1054 424 regione
1073 387 1177 425 quae
1197 378 1361 412 vocatur

175 430 321 469 Loidis.
376 431 516 468 Evasit
539 436 677 469 autem
706 434 842 482 ignem
875 431 1017 477 altare,
1040 434 1135 483 quja
1155 432 1360 483 lapideum

175 494 284 534 erat3
318 494 362 528 et
379 495 561 529 servatur
581 490 710 528 adhue
728 493 769 527 in
788 493 1031 529 monasterio
1049 493 1360 529 reverentissimi

174 549 332 586 abbatis
362 554 405 587 et
432 550 660 602 presbyteri
687 549 937 601 Thryduulfi,
966 550 1075 601 quod
1104 555 1166 589 est
1194 553 1235 588 in
1263 549 1361 588 silva

174 608 349 646 Elmete.

653 794 769 831 CAP.
807 794 883 831 XV

232 868 282 906 Ut
304 868 497 920 provincia
526 868 768 906 Orientalium
798 869 1001 920 Anglorum
1017 869 1138 919 fidem
1171 868 1308 908 Christi

661 927 871 979 susceperit.

221 1002 395 1041 TANTUM
431 1008 570 1041 autem
605 1003 828 1041 devotionis
864 1003 1040 1041 Aeduini
1075 1016 1172 1054 erga
1206 1003 1358 1040 cultum

172 1064 352 1100 veritatis
367 1062 524 1107 habuit,
539 1066 585 1100 ut
601 1064 724 1100 etiam
739 1064 825 1113 regi
841 1061 1109 1100 Orientalium
1124 1062 1360 1113 Anglorum,

172 1120 400 1171 Earpualdo
433 1121 513 1159 filio
544 1121 756 1166 Redualdi‚
788 1121 1066 1171 persuaderet,
1097 1120 1246 1159 relictis
1277 1121 1360 1159 ido-

170 1179 299 1217 lorum
324 1181 691 1230 superstitionibus,
718 1180 839 1218 fidem
866 1184 910 1218 et
934 1184 1188 1218 sacramenta
1213 1179 1360 1217 Christi

171 1252 263 1276 eum
284 1251 357 1276 sua
378 1240 581 1289 provincia
602 1241 817 1289 suscipere.
871 1239 928 1276 Et
949 1239 1113 1289 quidem
1135 1242 1253 1288 pater
1275 1240 1360 1277 eius

174 1296 357 1335 Reduald
394 1297 629 1335 iamdudum
666 1300 708 1335 in
746 1297 892 1335 Cantia
929 1296 1192 1335 sacramentis
1230 1296 1361 1335 Chris-

173 1358 307 1394 tianae
335 1356 429 1394 fidei
456 1357 635 1394 imbutus
665 1361 741 1401 est,
768 1356 841 1395 sed
866 1355 1037 1394 frustra:
1079 1369 1174 1393 nam
1201 1356 1360 1394 rediens

171 1415 349 1460 domum,
377 1416 429 1453 ab
456 1429 581 1454 uxore
608 1429 681 1453 sua
708 1419 752 1454 et
779 1415 1019 1467 quibusdam
1046 1417 1241 1465 perversis
1268 1415 1360 1453 doe-

171 1475 323 1512 toribus
345 1474 535 1513 seduetus
558 1479 634 1519 est,
657 1479 781 1526 atque
804 1488 828 1512 a
848 1477 1080 1513 sinceritate
1103 1475 1196 1513 fidei
1218 1475 1359 1525 depra-

171 1537 287 1571 vatus
315 1533 458 1572 habuit
484 1536 708 1585 posteriora
734 1536 872 1584 peiora
899 1535 1118 1584 prioribus;
1159 1536 1218 1571 ita
1245 1537 1292 1570 ut
1317 1535 1360 1570 in

171 1606 325 1631 morem
342 1596 599 1644 antiquorum
617 1593 959 1631 Samaritanorum
976 1597 1020 1631 et
1037 1592 1195 1630 Christo
1212 1594 1359 1631 servire

170 1651 389 1697 videretur,
413 1656 457 1691 et
479 1652 553 1690 diis
577 1654 720 1702 quibus
746 1656 867 1690 antea
890 1652 1102 1689 serviebat.
1157 1652 1296 1701 Atque
1318 1652 1359 1687 in

171 1710 315 1749 eodem
336 1710 432 1748 fano
456 1715 498 1749 et
522 1711 649 1749 altare
672 1711 843 1749 haberet
867 1710 918 1748 ad
940 1710 1175 1747 sacrificium
1198 1709 1359 1754 Christi,

173 1774 215 1808 et
232 1770 384 1808 arulam
402 1770 453 1808 ad
470 1772 650 1807 victimas
668 1771 981 1808 daemoniorum.
1037 1769 1156 1816 Quod
1173 1768 1360 1807 videlicet

169 1827 310 1867 fanum
340 1843 412 1868 rex
444 1830 624 1868 eiusdem
655 1831 881 1880 provinciae
913 1827 1093 1873 Alduulf,
1124 1829 1192 1878 qui
1223 1831 1360 1865 nostra

609 1906 622 1925 1
644 1905 699 1936 for
715 1904 853 1941 occisas,
871 1904 924 1936 Pl.

219 1991 231 2010 ¹
254 1991 375 2023 Leeds.
600 1991 613 2010 ²
636 1990 730 2022 Near
745 1990 866 2022 Leeds.

214 2034 226 2052 ³
249 2034 323 2066 The
341 2034 423 2065 date
441 2034 477 2066 of
495 2033 693 2065 Redwald’s
711 2033 818 2064 death
834 2033 864 2064 is
882 2032 1074 2069 uncertain,
1093 2032 1146 2064 Pl.
1163 2031 1214 2065 ΙΙ.
1234 2032 1308 2065 106.

172 2098 240 2134 292
