1473 2322
479 164 590 201 THE
627 163 956 201 VENERABLE
994 164 1140 201 BEDE

218 267 430 311 confidam,
448 268 522 303 nisi
540 266 645 303 forte
662 269 808 304 misero
825 266 924 303 mihi
942 272 985 303 et
1002 266 1167 316 indigno
1185 269 1315 311 venia,
1333 279 1405 316 per

217 327 410 365 auxilium
429 341 567 365 eorum
587 330 655 378 qui
674 327 730 364 illi
749 326 922 365 fideliter
941 330 1179 373 servierunt,
1197 330 1404 378 propitiari

217 389 406 439 dignatus
443 389 579 427 fuerit.
634 389 872 427 Audivimus
910 394 1048 427 autem
1086 395 1130 427 et
1165 388 1274 426 fama
1311 390 1404 427 est1

217 450 492 496 celeberrima,
509 452 603 501 quia
619 449 743 488 fuerit
759 453 799 487 in
817 456 942 500 gente
959 456 1094 488 vestra
1109 464 1181 488 rex
1198 451 1404 488 mirandae

216 515 457 557 sanctitatis,
474 511 667 549 vocabulo
684 511 851 557 Osuald‚
867 515 978 549 cuius
996 511 1237 550 excellentia
1253 512 1346 550 fidei
1363 518 1405 550 et

217 576 390 619 virtutis,
419 576 543 612 etiam
571 579 663 623 post
690 579 878 618 mortem,
907 576 1102 611 virtutum
1130 573 1405 623 frequentium

217 638 451 686 operatione
462 634 651 673 claruerit
663 648 672 672 z
697 648 933 685 precorque,
944 638 976 672 si
987 634 1138 685 aliquid
1148 635 1406 685 reliquiarum

217 697 321 734 illius
354 711 480 747 penes
514 703 557 735 te
591 696 731 742 habes,
766 696 924 735 adferas
958 696 1070 742 mihi,
1103 699 1135 734 si
1169 696 1274 734 forte
1307 697 1404 734 mihi

218 760 415 796 Dominus
445 772 518 809 per
549 761 634 796 eius
665 761 856 797 meritum
886 761 1065 796 misereri
1096 757 1295 796 voluerit.’
1348 759 1407 796 At

217 835 293 872 ego
309 821 518 871 respondi:
551 820 559 833 ‘
580 820 724 858 Habeo
742 821 905 870 quidem
923 821 973 858 de
989 819 1114 870 ligno,
1129 823 1170 857 in
1188 833 1267 870 quo
1284 826 1407 870 caput

218 886 301 921 eius
328 884 445 920 occisi
466 896 489 919 a
508 884 676 932 paganis
695 882 863 919 infixum
892 887 975 925 est3
1007 887 1063 927 et,
1089 885 1121 919 si
1148 882 1261 919 firmo
1286 882 1405 920 corde

217 945 446 989 credideris,
477 950 615 994 potest
647 944 781 981 divina
812 947 943 994 pietas
975 957 1047 993 per
1078 947 1185 981 tanti
1215 946 1406 982 meritum

218 1010 302 1052 viri,
338 1012 381 1044 et
415 1005 532 1043 huius
568 1008 675 1044 vitae
712 1008 843 1056 spatia
877 1005 1059 1055 longiora
1093 1006 1329 1051 concedere,
1364 1012 1407 1044 et

217 1073 399 1120 ingressu
430 1074 474 1106 te
507 1070 615 1105 vitae
648 1070 836 1118 perennis
869 1068 1037 1118 dignum
1069 1067 1267 1106 reddere.'
1321 1067 1406 1105 Nec

216 1137 394 1169 moratus
432 1130 513 1175 ille,
551 1133 754 1181 integram
792 1143 834 1168 se
884 1132 924 1167 in
973 1129 1049 1168 hoc
1095 1129 1245 1168 habere
1285 1130 1405 1168 fidem

217 1192 499 1243 respondebat.

267 1255 288 1267 ‘¹
307 1254 419 1292 Tunc
434 1253 625 1292 benedixi
640 1266 802 1304 aquam,
819 1259 861 1291 et
877 1253 1049 1290 astulam
1065 1255 1216 1291 roboris
1232 1253 1407 1304 praefati

216 1320 425 1355 inmittens
443 1315 571 1354 obtuli
589 1329 711 1366 aegro
727 1316 964 1365 potandum.
1021 1315 1105 1353 Nec
1121 1329 1247 1361 mora,
1263 1315 1406 1354 melius

215 1379 365 1417 habere
388 1379 537 1428 coepit,
561 1382 604 1415 et
626 1376 907 1415 convalescens
931 1377 982 1413 ab
1005 1376 1255 1422 infirmitate,
1278 1376 1406 1414 multo

216 1442 406 1490 deinceps
438 1445 623 1490 tempore
658 1441 782 1476 vixit:
820 1445 990 1489 totoque
1027 1439 1079 1476 ad
1115 1439 1251 1476 Deum
1286 1439 1406 1477 corde

217 1509 257 1540 et
279 1516 401 1553 opere
416 1515 644 1546 conversus,
659 1501 844 1539 omnibus
864 1502 1107 1551 ubicumque
1128 1502 1405 1551 perveniebat,

216 1565 474 1603 clementiam
510 1566 565 1613 pii
611 1563 851 1607 Conditoris,
890 1569 932 1600 et
980 1562 1106 1600 fidelis
1145 1565 1229 1600 eius
1267 1562 1404 1600 famuli

216 1627 383 1678 gloriam
412 1624 714 1676 praedicabat.'’

736 1710 748 1728 1

773 1714 827 1747 Lol,
844 1709 896 1741 Pl·

215 2096 287 2132 ‚390
