1473 2322
412 145 524 183 THE
565 145 897 183 VENERABLE
934 145 1083 184 BEDE

159 249 349 286 historiae
389 254 466 293 est,
504 249 738 298 simpliciter
777 261 825 286 ea
863 262 968 299 quae
1007 249 1116 286 fama
1154 249 1345 300 vulgante

159 302 392 352 collegimus
449 302 500 339 ad
555 305 860 340 instructionem
915 305 1165 352 posteritatis
1220 304 1345 341 literis

158 356 352 393 mandare
371 356 611 393 studuimus.

209 408 428 446 Praeterea
457 408 627 446 omnes1
656 409 707 446 ad
737 422 836 459 quos
864 408 965 446 haec
994 409 1137 447 eadem
1167 409 1346 448 Historia

158 465 368 512 pervenire
413 465 565 512 poterit
609 468 771 500 nostrae
816 465 989 500 nationis
1034 462 1218 514 legentes
1262 466 1346 501 sive

159 517 371 554 audientes
397 515 631 565 suppliciter
657 528 810 565 precor,
836 521 883 553 ut
908 529 980 566 pro
1006 519 1106 553 meis
1138 517 1347 555 infirmita-

158 570 266 607 tibus
291 575 334 606 et
356 572 504 606 mentis
529 575 572 606 et
594 572 768 619 corporis
792 569 899 619 apud
923 582 1138 619 supernam
1162 570 1347 608 Clemen-

158 625 258 661 tiam
296 625 456 672 saepius
493 624 736 659 intervenire
774 625 1056 667 meminerint3
1108 629 1152 661 et
1188 626 1229 661 in
1265 626 1346 662 suis

159 679 309 726 quique
357 678 567 725 provinciis
604 675 707 713 hanc
744 675 842 712 mihi
879 689 975 713 suae
1013 679 1346 714 remunerationis

159 732 287 767 vicem
312 729 554 778 rependant,
580 735 626 766 ut
652 731 720 779 qui
746 729 797 766 de
823 729 987 780 singulis
1014 732 1238 779 provinciis,
1263 733 1346 768 sive

159 783 253 821 locis
289 782 599 826 sublimioribus,
637 795 741 832 quae
777 789 1004 820 memoratu
1052 783 1174 834 digna
1221 789 1345 834 atque

159 835 296 873 incolis
321 842 438 886 grata
462 836 712 873 credideram
737 836 954 886 diiigenter
979 836 1172 874 adnotare
1198 840 1344 882 curavi,

159 890 267 940 apud
288 902 426 927 omnes
448 888 624 927 fructum
646 892 737 939 piae
759 890 1055 927 intercessionis
1077 892 1291 928 inveniam.

668 1190 784 1229 CAP.
823 1191 841 1229 I

299 1278 360 1315 De
382 1279 453 1316 situ
476 1278 685 1315 Brittaniae
707 1278 764 1315 vel
784 1277 999 1323 Hiberniae,
1023 1284 1056 1316 el
1075 1279 1209 1330 priscis

606 1345 731 1369 earum
754 1331 894 1369 incolis.

209 1418 433 1455 errAxrA
450 1418 465 1440 2
503 1421 641 1456 oceani
678 1418 821 1462 insula,
855 1420 921 1455 cui
958 1418 1160 1468 quondam
1198 1418 1344 1455 Albion

159 1484 307 1509 nomen
323 1470 414 1515 fuit,
431 1474 538 1509 inter
553 1474 873 1520 septentrionem
890 1477 933 1509 et
949 1472 1199 1509 occidentem
1216 1471 1346 1510 locata

160 1530 236 1570 est,
252 1525 510 1570 Germaniae,
526 1525 694 1568 Galliae,
712 1525 946 1575 Hispaniae,
960 1527 1145 1563 maximis
1160 1525 1347 1575 Europae

159 1578 342 1628 partibus
365 1578 494 1616 multo
518 1578 728 1616 intervallo
758 1579 938 1616 adversa.
992 1578 1107 1625 Quae
1136 1591 1209 1628 per
1235 1579 1345 1616 milia

159 1645 349 1681 passuum
390 1634 627 1683 octingenta
665 1634 706 1669 in
746 1633 909 1669 boream
949 1631 1084 1683 longa,
1122 1631 1346 1670 latitudinis

158 1685 284 1723 habet
301 1685 411 1722 milia
429 1685 618 1730 ducenta,
638 1688 819 1735 exceptis
837 1685 1052 1723 dumtaxat
1069 1685 1346 1736 prolixioribus

200 1770 213 1789 1
237 1770 410 1801 Praeterea
434 1794 441 1801 .
468 1793 475 1800 .
502 1794 509 1801 .
535 1769 718 1810 inveniam]
746 1770 828 1801 This
856 1769 921 1801 last
949 1769 1143 1811 paragraph
1169 1770 1199 1801 is
1225 1770 1346 1811 placed

155 1815 193 1843 ab
210 1813 270 1844 the
288 1813 356 1844 end
374 1813 410 1844 of
426 1812 487 1844 the
505 1813 650 1854 History
669 1812 716 1853 by
733 1816 825 1844 most
842 1812 938 1844 MSS.

203 1855 217 1874 ³
239 1855 311 1886 The
334 1854 412 1886 first
436 1855 630 1897 paragraph
655 1859 693 1886 to
719 1855 849 1886 insulas
874 1855 967 1886 habet
991 1854 1019 1886 is
1044 1854 1163 1896 pieeed
1186 1855 1346 1896 together

157 1897 246 1929 irom
262 1898 376 1939 Prmy,
392 1898 502 1935 NH„
517 1898 564 1929 iv.
582 1899 642 1934 303
674 1897 803 1934 Gildas,
821 1898 836 1937 ξ
851 1898 882 1935 3,
899 1897 968 1928 and
985 1897 1136 1934 Orosius,
1152 1897 1176 1928 i.
1191 1898 1223 1929 2.

201 1983 215 2002 ¹
237 1983 309 2014 The
326 1982 401 2014 first
417 1986 636 2024 twenty-two
654 1982 814 2024 chapters
831 1982 968 2024 dealing
984 1982 1068 2013 with
1086 1982 1145 2013 the
1161 1983 1295 2024 history
1310 1982 1346 2015 of

157 2025 291 2056 Britain
314 2025 431 2057 before
452 2025 512 2057 the
534 2027 672 2067 coming
693 2027 729 2057 of
749 2026 943 2066 Augustine
964 2035 1022 2056 are
1044 2024 1149 2056 based
1171 2035 1266 2067 upon
1284 2025 1346 2057 the

167 2090 210 2115 10
