<?xml version="1.0" encoding="UTF-8"?>
<!DOCTYPE html PUBLIC "-//W3C//DTD XHTML 1.0 Transitional//EN"
    "http://www.w3.org/TR/xhtml1/DTD/xhtml1-transitional.dtd">
<html xmlns="http://www.w3.org/1999/xhtml" xml:lang="en" lang="en">
 <head>
  <title>
</title>
<meta http-equiv="Content-Type" content="text/html;charset=utf-8" />
  <meta name='ocr-system' content='tesseract 3.04.00' />
  <meta name='ocr-capabilities' content='ocr_page ocr_carea ocr_par ocr_line ocrx_word'/>
</head>
<body>
  <div class='ocr_page' id='page_1' title='image "./operahistorica01bedeuoft_0338.png"; bbox 0 0 1473 2322; ppageno 0'>
   <div class='ocr_carea' id='block_1_1' title="bbox 419 150 1079 190">
    <p class='ocr_par' dir='ltr' id='par_1_1' title="bbox 419 150 1079 190">
     <span class='ocr_line' id='line_1_1' title="bbox 419 150 1079 190; baseline 0 -1"><span class='ocrx_word' id='word_1_1' title='bbox 419 151 531 190; x_wconf 92' lang='lat' dir='ltr'>THE</span> <span class='ocrx_word' id='word_1_2' title='bbox 568 150 897 189; x_wconf 87' lang='lat' dir='ltr'><strong>VENERABLE</strong></span> <span class='ocrx_word' id='word_1_3' title='bbox 931 151 1079 189; x_wconf 90' lang='lat' dir='ltr'><strong>BEDE</strong></span> 
     </span>
    </p>
   </div>
   <div class='ocr_carea' id='block_1_2' title="bbox 626 286 874 325">
    <p class='ocr_par' dir='ltr' id='par_1_2' title="bbox 626 286 874 325">
     <span class='ocr_line' id='line_1_2' title="bbox 626 286 874 325; baseline -0.004 0"><span class='ocrx_word' id='word_1_4' title='bbox 626 286 741 325; x_wconf 85' lang='lat' dir='ltr'><strong>OAP.</strong></span> <span class='ocrx_word' id='word_1_5' title='bbox 779 287 874 324; x_wconf 91' lang='lat' dir='ltr'>XVI</span> 
     </span>
    </p>
   </div>
   <div class='ocr_carea' id='block_1_3' title="bbox 163 372 1343 477">
    <p class='ocr_par' dir='ltr' id='par_1_3' title="bbox 163 372 1343 477">
     <span class='ocr_line' id='line_1_3' title="bbox 163 372 1343 424; baseline 0 -14"><span class='ocrx_word' id='word_1_6' title='bbox 163 373 212 410; x_wconf 73' lang='lat' dir='ltr'>Ut</span> <span class='ocrx_word' id='word_1_7' title='bbox 242 372 424 411; x_wconf 78' lang='lat' dir='ltr'><em>Paulinus</em></span> <span class='ocrx_word' id='word_1_8' title='bbox 454 373 493 411; x_wconf 80' lang='lat' dir='ltr'>in</span> <span class='ocrx_word' id='word_1_9' title='bbox 521 372 712 424; x_wconf 81' lang='lat' dir='ltr'>provincia</span> <span class='ocrx_word' id='word_1_10' title='bbox 739 372 905 410; x_wconf 73' lang='lat' dir='ltr'>Limlissi</span> <span class='ocrx_word' id='word_1_11' title='bbox 928 373 1209 423; x_wconf 79' lang='lat' dir='ltr'><em>praedicaverit,</em></span> <span class='ocrx_word' id='word_1_12' title='bbox 1237 379 1271 411; x_wconf 75' lang='lat' dir='ltr'>et</span> <span class='ocrx_word' id='word_1_13' title='bbox 1299 373 1343 410; x_wconf 86' lang='lat' dir='ltr'>de</span> 
     </span>
     <span class='ocr_line' id='line_1_4' title="bbox 497 425 999 477; baseline 0 -14"><span class='ocrx_word' id='word_1_14' title='bbox 497 426 674 477; x_wconf 80' lang='lat' dir='ltr'><em>qualitate</em></span> <span class='ocrx_word' id='word_1_15' title='bbox 700 425 804 477; x_wconf 73' lang='lat' dir='ltr'>regni</span> <span class='ocrx_word' id='word_1_16' title='bbox 832 425 999 463; x_wconf 75' lang='lat' dir='ltr'>Aeduim&#39;.</span> 
     </span>
    </p>
   </div>
   <div class='ocr_carea' id='block_1_4' title="bbox 156 511 1345 1786">
    <p class='ocr_par' dir='ltr' id='par_1_4' title="bbox 156 511 1345 1201">
     <span class='ocr_line' id='line_1_5' title="bbox 208 511 1342 562; baseline -0.001 -13"><span class='ocrx_word' id='word_1_17' title='bbox 208 511 488 550; x_wconf 68' lang='lat' dir='ltr'>PRAEmCABA&#39;r</span> <span class='ocrx_word' id='word_1_18' title='bbox 517 518 655 551; x_wconf 88' lang='lat' dir='ltr'>autem</span> <span class='ocrx_word' id='word_1_19' title='bbox 686 512 874 550; x_wconf 84' lang='lat' dir='ltr'><strong>Paulinus</strong></span> <span class='ocrx_word' id='word_1_20' title='bbox 904 514 1071 550; x_wconf 90' lang='lat' dir='ltr'>verbum</span> <span class='ocrx_word' id='word_1_21' title='bbox 1102 514 1225 550; x_wconf 85' lang='lat' dir='ltr'>etiam</span> <span class='ocrx_word' id='word_1_22' title='bbox 1254 525 1342 562; x_wconf 87' lang='lat' dir='ltr'>pro-</span> 
     </span>
     <span class='ocr_line' id='line_1_6' title="bbox 158 565 1342 616; baseline 0.001 -16"><span class='ocrx_word' id='word_1_23' title='bbox 158 567 309 603; x_wconf 85' lang='lat' dir='ltr'>vinciae</span> <span class='ocrx_word' id='word_1_24' title='bbox 350 565 536 610; x_wconf 88' lang='lat' dir='ltr'>Lindissi,</span> <span class='ocrx_word' id='word_1_25' title='bbox 577 579 680 616; x_wconf 89' lang='lat' dir='ltr'>quae</span> <span class='ocrx_word' id='word_1_26' title='bbox 721 569 784 604; x_wconf 86' lang='lat' dir='ltr'>est</span> <span class='ocrx_word' id='word_1_27' title='bbox 822 567 951 615; x_wconf 88' lang='lat' dir='ltr'>prima</span> <span class='ocrx_word' id='word_1_28' title='bbox 990 565 1042 604; x_wconf 82' lang='lat' dir='ltr'>ad</span> <span class='ocrx_word' id='word_1_29' title='bbox 1079 565 1342 604; x_wconf 85' lang='lat' dir='ltr'>meridianam</span> 
     </span>
     <span class='ocr_line' id='line_1_7' title="bbox 158 618 1343 669; baseline 0.002 -15"><span class='ocrx_word' id='word_1_30' title='bbox 158 618 364 657; x_wconf 88' lang='lat' dir='ltr'>Humbrae</span> <span class='ocrx_word' id='word_1_31' title='bbox 386 618 558 656; x_wconf 86' lang='lat' dir='ltr'>fluminis</span> <span class='ocrx_word' id='word_1_32' title='bbox 579 622 721 669; x_wconf 89' lang='lat' dir='ltr'>ripam,</span> <span class='ocrx_word' id='word_1_33' title='bbox 741 621 976 669; x_wconf 82' lang='lat' dir='ltr'>pertingens</span> <span class='ocrx_word' id='word_1_34' title='bbox 998 631 1125 668; x_wconf 90' lang='lat' dir='ltr'>usque</span> <span class='ocrx_word' id='word_1_35' title='bbox 1147 618 1198 656; x_wconf 87' lang='lat' dir='ltr'>ad</span> <span class='ocrx_word' id='word_1_36' title='bbox 1217 631 1343 662; x_wconf 80' lang='lat' dir='ltr'>mare,</span> 
     </span>
     <span class='ocr_line' id='line_1_8' title="bbox 156 671 1342 722; baseline -0.001 -14"><span class='ocrx_word' id='word_1_37' title='bbox 156 671 488 722; x_wconf 81' lang='lat' dir='ltr'>praefectumque</span> <span class='ocrx_word' id='word_1_38' title='bbox 508 671 791 710; x_wconf 88' lang='lat' dir='ltr'>Lindocolinae</span> <span class='ocrx_word' id='word_1_39' title='bbox 807 673 994 716; x_wconf 85' lang='lat' dir='ltr'>civitatis,</span> <span class='ocrx_word' id='word_1_40' title='bbox 1011 674 1074 709; x_wconf 89' lang='lat' dir='ltr'>cui</span> <span class='ocrx_word' id='word_1_41' title='bbox 1091 685 1238 709; x_wconf 91' lang='lat' dir='ltr'>nomen</span> <span class='ocrx_word' id='word_1_42' title='bbox 1255 677 1342 709; x_wconf 85' lang='lat' dir='ltr'>erat</span> 
     </span>
     <span class='ocr_line' id='line_1_9' title="bbox 156 724 1342 775; baseline 0 -14"><span class='ocrx_word' id='word_1_43' title='bbox 156 724 337 769; x_wconf 85' lang='lat' dir='ltr'>Blaecca‚</span> <span class='ocrx_word' id='word_1_44' title='bbox 360 728 533 775; x_wconf 88' lang='lat' dir='ltr'>primum</span> <span class='ocrx_word' id='word_1_45' title='bbox 556 739 647 763; x_wconf 87' lang='lat' dir='ltr'>eum</span> <span class='ocrx_word' id='word_1_46' title='bbox 670 726 788 764; x_wconf 92' lang='lat' dir='ltr'>domo</span> <span class='ocrx_word' id='word_1_47' title='bbox 811 738 884 762; x_wconf 81' lang='lat' dir='ltr'>sua</span> <span class='ocrx_word' id='word_1_48' title='bbox 906 726 1106 763; x_wconf 84' lang='lat' dir='ltr'>convertit</span> <span class='ocrx_word' id='word_1_49' title='bbox 1129 725 1181 762; x_wconf 88' lang='lat' dir='ltr'>ad</span> <span class='ocrx_word' id='word_1_50' title='bbox 1202 724 1342 762; x_wconf 91' lang='lat' dir='ltr'>Domi-</span> 
     </span>
     <span class='ocr_line' id='line_1_10' title="bbox 157 777 1343 828; baseline -0.002 -13"><span class='ocrx_word' id='word_1_51' title='bbox 157 792 264 815; x_wconf 89' lang='lat' dir='ltr'>num.</span> <span class='ocrx_word' id='word_1_52' title='bbox 321 778 367 815; x_wconf 91' lang='lat' dir='ltr'>In</span> <span class='ocrx_word' id='word_1_53' title='bbox 396 792 475 828; x_wconf 84' lang='lat' dir='ltr'>qua</span> <span class='ocrx_word' id='word_1_54' title='bbox 501 779 690 816; x_wconf 85' lang='lat' dir='ltr'>videlieet</span> <span class='ocrx_word' id='word_1_55' title='bbox 715 780 879 816; x_wconf 89' lang='lat' dir='ltr'>civitate</span> <span class='ocrx_word' id='word_1_56' title='bbox 907 782 951 816; x_wconf 90' lang='lat' dir='ltr'>et</span> <span class='ocrx_word' id='word_1_57' title='bbox 977 777 1187 816; x_wconf 84' lang='lat' dir='ltr'>ecelesiam</span> <span class='ocrx_word' id='word_1_58' title='bbox 1213 779 1343 828; x_wconf 88' lang='lat' dir='ltr'>operis</span> 
     </span>
     <span class='ocr_line' id='line_1_11' title="bbox 158 830 1343 881; baseline -0.001 -12"><span class='ocrx_word' id='word_1_59' title='bbox 158 834 309 881; x_wconf 83' lang='lat' dir='ltr'>egregii</span> <span class='ocrx_word' id='word_1_60' title='bbox 328 832 378 869; x_wconf 87' lang='lat' dir='ltr'>de</span> <span class='ocrx_word' id='word_1_61' title='bbox 397 832 530 881; x_wconf 86' lang='lat' dir='ltr'>lapide</span> <span class='ocrx_word' id='word_1_62' title='bbox 549 831 669 869; x_wconf 86' lang='lat' dir='ltr'>fecit:</span> <span class='ocrx_word' id='word_1_63' title='bbox 701 833 812 868; x_wconf 88' lang='lat' dir='ltr'>euius</span> <span class='ocrx_word' id='word_1_64' title='bbox 831 835 942 869; x_wconf 84' lang='lat' dir='ltr'>tecto</span> <span class='ocrx_word' id='word_1_65' title='bbox 960 830 1025 869; x_wconf 86' lang='lat' dir='ltr'>vel</span> <span class='ocrx_word' id='word_1_66' title='bbox 1040 830 1161 881; x_wconf 83' lang='lat' dir='ltr'>longa</span> <span class='ocrx_word' id='word_1_67' title='bbox 1179 832 1343 875; x_wconf 85' lang='lat' dir='ltr'>incuria,</span> 
     </span>
     <span class='ocr_line' id='line_1_12' title="bbox 157 884 1342 934; baseline 0.002 -14"><span class='ocrx_word' id='word_1_68' title='bbox 157 884 220 922; x_wconf 88' lang='lat' dir='ltr'>vel</span> <span class='ocrx_word' id='word_1_69' title='bbox 254 885 388 921; x_wconf 84' lang='lat' dir='ltr'>hostili</span> <span class='ocrx_word' id='word_1_70' title='bbox 423 898 545 921; x_wconf 88' lang='lat' dir='ltr'>manu</span> <span class='ocrx_word' id='word_1_71' title='bbox 581 885 754 929; x_wconf 88' lang='lat' dir='ltr'>deiecto,</span> <span class='ocrx_word' id='word_1_72' title='bbox 789 886 966 934; x_wconf 85' lang='lat' dir='ltr'>parietes</span> <span class='ocrx_word' id='word_1_73' title='bbox 1002 884 1198 922; x_wconf 86' lang='lat' dir='ltr'>hactenus</span> <span class='ocrx_word' id='word_1_74' title='bbox 1234 888 1342 922; x_wconf 86' lang='lat' dir='ltr'>stare</span> 
     </span>
     <span class='ocr_line' id='line_1_13' title="bbox 157 937 1345 987; baseline 0 -13"><span class='ocrx_word' id='word_1_75' title='bbox 157 938 356 981; x_wconf 75' lang='lat' dir='ltr'>videntur,</span> <span class='ocrx_word' id='word_1_76' title='bbox 375 943 416 975; x_wconf 85' lang='lat' dir='ltr'>et</span> <span class='ocrx_word' id='word_1_77' title='bbox 435 939 617 975; x_wconf 87' lang='lat' dir='ltr'>omnibus</span> <span class='ocrx_word' id='word_1_78' title='bbox 636 940 749 975; x_wconf 86' lang='lat' dir='ltr'>annis</span> <span class='ocrx_word' id='word_1_79' title='bbox 767 937 900 987; x_wconf 87' lang='lat' dir='ltr'>aliqua</span> <span class='ocrx_word' id='word_1_80' title='bbox 917 939 1138 975; x_wconf 85' lang='lat' dir='ltr'>sanitatum</span> <span class='ocrx_word' id='word_1_81' title='bbox 1154 937 1345 974; x_wconf 87' lang='lat' dir='ltr'>miracula</span> 
     </span>
     <span class='ocr_line' id='line_1_14' title="bbox 156 990 1344 1040; baseline 0.002 -14"><span class='ocrx_word' id='word_1_82' title='bbox 156 994 197 1027; x_wconf 90' lang='lat' dir='ltr'>in</span> <span class='ocrx_word' id='word_1_83' title='bbox 215 991 357 1029; x_wconf 88' lang='lat' dir='ltr'>eodem</span> <span class='ocrx_word' id='word_1_84' title='bbox 373 991 459 1028; x_wconf 85' lang='lat' dir='ltr'>loco</span> <span class='ocrx_word' id='word_1_85' title='bbox 477 991 608 1029; x_wconf 87' lang='lat' dir='ltr'>solent</span> <span class='ocrx_word' id='word_1_86' title='bbox 625 991 677 1029; x_wconf 85' lang='lat' dir='ltr'>ad</span> <span class='ocrx_word' id='word_1_87' title='bbox 693 990 914 1029; x_wconf 79' lang='lat' dir='ltr'>utilitatem</span> <span class='ocrx_word' id='word_1_88' title='bbox 932 1004 1069 1028; x_wconf 84' lang='lat' dir='ltr'>eorum</span> <span class='ocrx_word' id='word_1_89' title='bbox 1087 993 1155 1040; x_wconf 91' lang='lat' dir='ltr'>qui</span> <span class='ocrx_word' id='word_1_90' title='bbox 1173 990 1344 1028; x_wconf 87' lang='lat' dir='ltr'>fideliter</span> 
     </span>
     <span class='ocr_line' id='line_1_15' title="bbox 158 1043 1344 1094; baseline -0.001 -13"><span class='ocrx_word' id='word_1_91' title='bbox 158 1049 371 1094; x_wconf 84' lang='lat' dir='ltr'>quaerunt,</span> <span class='ocrx_word' id='word_1_92' title='bbox 400 1045 570 1082; x_wconf 83' lang='lat' dir='ltr'>ostendi.</span> <span class='ocrx_word' id='word_1_93' title='bbox 627 1044 673 1081; x_wconf 88' lang='lat' dir='ltr'>In</span> <span class='ocrx_word' id='word_1_94' title='bbox 702 1057 782 1094; x_wconf 89' lang='lat' dir='ltr'>qua</span> <span class='ocrx_word' id='word_1_95' title='bbox 810 1043 978 1082; x_wconf 84' lang='lat' dir='ltr'>ecelesia</span> <span class='ocrx_word' id='word_1_96' title='bbox 1006 1043 1208 1089; x_wconf 86' lang='lat' dir='ltr'>Paulinus,</span> <span class='ocrx_word' id='word_1_97' title='bbox 1236 1048 1344 1081; x_wconf 88' lang='lat' dir='ltr'>tran-</span> 
     </span>
     <span class='ocr_line' id='line_1_16' title="bbox 157 1097 1344 1147; baseline 0 -13"><span class='ocrx_word' id='word_1_98' title='bbox 157 1102 301 1136; x_wconf 85' lang='lat' dir='ltr'>seunte</span> <span class='ocrx_word' id='word_1_99' title='bbox 328 1098 379 1135; x_wconf 86' lang='lat' dir='ltr'>ad</span> <span class='ocrx_word' id='word_1_100' title='bbox 405 1098 608 1135; x_wconf 83' lang='lat' dir='ltr'>Christum</span> <span class='ocrx_word' id='word_1_101' title='bbox 636 1097 762 1142; x_wconf 87' lang='lat' dir='ltr'>Iusto,</span> <span class='ocrx_word' id='word_1_102' title='bbox 788 1097 1011 1135; x_wconf 80' lang='lat' dir='ltr'>Honorium</span> <span class='ocrx_word' id='word_1_103' title='bbox 1036 1111 1108 1147; x_wconf 88' lang='lat' dir='ltr'>pro</span> <span class='ocrx_word' id='word_1_104' title='bbox 1135 1111 1182 1135; x_wconf 94' lang='lat' dir='ltr'>eo</span> <span class='ocrx_word' id='word_1_105' title='bbox 1209 1110 1344 1135; x_wconf 88' lang='lat' dir='ltr'>conse-</span> 
     </span>
     <span class='ocr_line' id='line_1_17' title="bbox 156 1150 1343 1201; baseline 0.001 -14"><span class='ocrx_word' id='word_1_106' title='bbox 156 1153 282 1188; x_wconf 82' lang='lat' dir='ltr'>cravit</span> <span class='ocrx_word' id='word_1_107' title='bbox 299 1153 543 1201; x_wconf 82' lang='lat' dir='ltr'>episcopum,</span> <span class='ocrx_word' id='word_1_108' title='bbox 562 1156 607 1188; x_wconf 91' lang='lat' dir='ltr'>ut</span> <span class='ocrx_word' id='word_1_109' title='bbox 624 1153 664 1188; x_wconf 84' lang='lat' dir='ltr'>in</span> <span class='ocrx_word' id='word_1_110' title='bbox 682 1152 944 1201; x_wconf 87' lang='lat' dir='ltr'>sequentibus</span> <span class='ocrx_word' id='word_1_111' title='bbox 961 1164 1033 1187; x_wconf 88' lang='lat' dir='ltr'>suo</span> <span class='ocrx_word' id='word_1_112' title='bbox 1049 1150 1135 1188; x_wconf 85' lang='lat' dir='ltr'>loco</span> <span class='ocrx_word' id='word_1_113' title='bbox 1153 1151 1343 1188; x_wconf 71' lang='lat' dir='ltr'>dicemus,</span> 
     </span>
    </p>

    <p class='ocr_par' dir='ltr' id='par_1_5' title="bbox 156 1203 1345 1786">
     <span class='ocr_line' id='line_1_18' title="bbox 206 1203 1345 1255; baseline -0.002 -14"><span class='ocrx_word' id='word_1_114' title='bbox 206 1203 272 1242; x_wconf 94' lang='lat' dir='ltr'>De</span> <span class='ocrx_word' id='word_1_115' title='bbox 289 1203 405 1241; x_wconf 89' lang='lat' dir='ltr'>huius</span> <span class='ocrx_word' id='word_1_116' title='bbox 423 1205 502 1242; x_wconf 89' lang='lat' dir='ltr'>fide</span> <span class='ocrx_word' id='word_1_117' title='bbox 520 1206 746 1254; x_wconf 86' lang='lat' dir='ltr'>provinciae</span> <span class='ocrx_word' id='word_1_118' title='bbox 764 1206 941 1241; x_wconf 74' lang='lat' dir='ltr'>narravit</span> <span class='ocrx_word' id='word_1_119' title='bbox 958 1203 1054 1240; x_wconf 90' lang='lat' dir='ltr'>mihi</span> <span class='ocrx_word' id='word_1_120' title='bbox 1071 1205 1285 1255; x_wconf 83' lang='lat' dir='ltr'>presbyter</span> <span class='ocrx_word' id='word_1_121' title='bbox 1302 1208 1345 1241; x_wconf 86' lang='lat' dir='ltr'>et</span> 
     </span>
     <span class='ocr_line' id='line_1_19' title="bbox 157 1256 1344 1308; baseline 0.001 -15"><span class='ocrx_word' id='word_1_122' title='bbox 157 1258 280 1295; x_wconf 88' lang='lat' dir='ltr'>abbas</span> <span class='ocrx_word' id='word_1_123' title='bbox 307 1258 471 1308; x_wconf 88' lang='lat' dir='ltr'>quidam</span> <span class='ocrx_word' id='word_1_124' title='bbox 496 1261 554 1294; x_wconf 82' lang='lat' dir='ltr'>vir</span> <span class='ocrx_word' id='word_1_125' title='bbox 580 1259 853 1295; x_wconf 78' lang='lat' dir='ltr'>veracissimus</span> <span class='ocrx_word' id='word_1_126' title='bbox 879 1257 930 1295; x_wconf 93' lang='lat' dir='ltr'>de</span> <span class='ocrx_word' id='word_1_127' title='bbox 956 1259 1199 1295; x_wconf 83' lang='lat' dir='ltr'>monasterio</span> <span class='ocrx_word' id='word_1_128' title='bbox 1226 1256 1344 1295; x_wconf 85' lang='lat' dir='ltr'>Pear-</span> 
     </span>
     <span class='ocr_line' id='line_1_20' title="bbox 157 1310 1344 1360; baseline 0.002 -14"><span class='ocrx_word' id='word_1_129' title='bbox 157 1316 294 1355; x_wconf 82' lang='lat' dir='ltr'>taneu,</span> <span class='ocrx_word' id='word_1_130' title='bbox 329 1310 520 1348; x_wconf 85' lang='lat' dir='ltr'>vocabulo</span> <span class='ocrx_word' id='word_1_131' title='bbox 554 1310 687 1356; x_wconf 88' lang='lat' dir='ltr'>Deda,</span> <span class='ocrx_word' id='word_1_132' title='bbox 719 1310 905 1348; x_wconf 81' lang='lat' dir='ltr'>retulisse</span> <span class='ocrx_word' id='word_1_133' title='bbox 939 1311 1013 1348; x_wconf 90' lang='lat' dir='ltr'>sibi</span> <span class='ocrx_word' id='word_1_134' title='bbox 1047 1311 1251 1360; x_wconf 90' lang='lat' dir='ltr'>quendam</span> <span class='ocrx_word' id='word_1_135' title='bbox 1283 1323 1344 1348; x_wconf 90' lang='lat' dir='ltr'>se-</span> 
     </span>
     <span class='ocr_line' id='line_1_21' title="bbox 158 1362 1344 1414; baseline 0 -14"><span class='ocrx_word' id='word_1_136' title='bbox 158 1367 322 1408; x_wconf 88' lang='lat' dir='ltr'>niorem,</span> <span class='ocrx_word' id='word_1_137' title='bbox 354 1365 605 1414; x_wconf 86' lang='lat' dir='ltr'>baptizatum</span> <span class='ocrx_word' id='word_1_138' title='bbox 636 1377 679 1402; x_wconf 87' lang='lat' dir='ltr'>se</span> <span class='ocrx_word' id='word_1_139' title='bbox 709 1363 831 1402; x_wconf 86' lang='lat' dir='ltr'>fuisse</span> <span class='ocrx_word' id='word_1_140' title='bbox 863 1364 928 1401; x_wconf 89' lang='lat' dir='ltr'>die</span> <span class='ocrx_word' id='word_1_141' title='bbox 958 1364 1093 1401; x_wconf 89' lang='lat' dir='ltr'>media</span> <span class='ocrx_word' id='word_1_142' title='bbox 1124 1377 1148 1400; x_wconf 88' lang='lat' dir='ltr'>a</span> <span class='ocrx_word' id='word_1_143' title='bbox 1178 1362 1344 1401; x_wconf 89' lang='lat' dir='ltr'>Paulino</span> 
     </span>
     <span class='ocr_line' id='line_1_22' title="bbox 158 1416 1343 1468; baseline -0.002 -14"><span class='ocrx_word' id='word_1_144' title='bbox 158 1420 356 1467; x_wconf 78' lang='lat' dir='ltr'>episcopo,</span> <span class='ocrx_word' id='word_1_145' title='bbox 377 1422 592 1467; x_wconf 80' lang='lat' dir='ltr'>praesente</span> <span class='ocrx_word' id='word_1_146' title='bbox 613 1430 710 1468; x_wconf 85' lang='lat' dir='ltr'>rege</span> <span class='ocrx_word' id='word_1_147' title='bbox 732 1417 932 1461; x_wconf 89' lang='lat' dir='ltr'>Aeduino‚</span> <span class='ocrx_word' id='word_1_148' title='bbox 954 1421 997 1454; x_wconf 89' lang='lat' dir='ltr'>et</span> <span class='ocrx_word' id='word_1_149' title='bbox 1017 1416 1186 1454; x_wconf 84' lang='lat' dir='ltr'>multam</span> <span class='ocrx_word' id='word_1_150' title='bbox 1208 1416 1343 1467; x_wconf 87' lang='lat' dir='ltr'>populi</span> 
     </span>
     <span class='ocr_line' id='line_1_23' title="bbox 157 1470 1343 1520; baseline 0 -14"><span class='ocrx_word' id='word_1_151' title='bbox 157 1471 317 1507; x_wconf 82' lang='lat' dir='ltr'>turbam</span> <span class='ocrx_word' id='word_1_152' title='bbox 336 1473 376 1507; x_wconf 89' lang='lat' dir='ltr'>in</span> <span class='ocrx_word' id='word_1_153' title='bbox 394 1470 514 1507; x_wconf 73' lang='lat' dir='ltr'>fluvio</span> <span class='ocrx_word' id='word_1_154' title='bbox 532 1471 709 1508; x_wconf 85' lang='lat' dir='ltr'>Treenta</span> <span class='ocrx_word' id='word_1_155' title='bbox 727 1473 841 1507; x_wconf 88' lang='lat' dir='ltr'>iuxta</span> <span class='ocrx_word' id='word_1_156' title='bbox 859 1472 1066 1507; x_wconf 85' lang='lat' dir='ltr'>civitatem</span> <span class='ocrx_word' id='word_1_157' title='bbox 1086 1483 1189 1520; x_wconf 84' lang='lat' dir='ltr'>quae</span> <span class='ocrx_word' id='word_1_158' title='bbox 1207 1470 1343 1520; x_wconf 87' lang='lat' dir='ltr'>lingua</span> 
     </span>
     <span class='ocr_line' id='line_1_24' title="bbox 159 1523 1342 1574; baseline 0 -14"><span class='ocrx_word' id='word_1_159' title='bbox 159 1524 380 1574; x_wconf 86' lang='lat' dir='ltr'>Anglorum</span> <span class='ocrx_word' id='word_1_160' title='bbox 422 1523 820 1574; x_wconf 82' lang='lat' dir='ltr'>Tiovulfingacaestir</span> <span class='ocrx_word' id='word_1_161' title='bbox 863 1527 1049 1561; x_wconf 75' lang='lat' dir='ltr'>vocatur:</span> <span class='ocrx_word' id='word_1_162' title='bbox 1108 1525 1176 1573; x_wconf 90' lang='lat' dir='ltr'>qui</span> <span class='ocrx_word' id='word_1_163' title='bbox 1221 1526 1342 1561; x_wconf 85' lang='lat' dir='ltr'>etiam</span> 
     </span>
     <span class='ocr_line' id='line_1_25' title="bbox 156 1575 1343 1627; baseline 0 -13"><span class='ocrx_word' id='word_1_164' title='bbox 156 1577 329 1627; x_wconf 84' lang='lat' dir='ltr'>effigiem</span> <span class='ocrx_word' id='word_1_165' title='bbox 356 1577 537 1615; x_wconf 88' lang='lat' dir='ltr'>eiusdem</span> <span class='ocrx_word' id='word_1_166' title='bbox 565 1576 719 1614; x_wconf 85' lang='lat' dir='ltr'>Paulini</span> <span class='ocrx_word' id='word_1_167' title='bbox 745 1576 896 1615; x_wconf 82' lang='lat' dir='ltr'>referre</span> <span class='ocrx_word' id='word_1_168' title='bbox 923 1580 1031 1614; x_wconf 85' lang='lat' dir='ltr'>esset</span> <span class='ocrx_word' id='word_1_169' title='bbox 1056 1575 1210 1620; x_wconf 87' lang='lat' dir='ltr'>solitus,</span> <span class='ocrx_word' id='word_1_170' title='bbox 1237 1576 1343 1626; x_wconf 91' lang='lat' dir='ltr'>quod</span> 
     </span>
     <span class='ocr_line' id='line_1_26' title="bbox 158 1628 1344 1680; baseline -0.001 -13"><span class='ocrx_word' id='word_1_171' title='bbox 158 1634 265 1668; x_wconf 87' lang='lat' dir='ltr'>esset</span> <span class='ocrx_word' id='word_1_172' title='bbox 291 1631 349 1666; x_wconf 78' lang='lat' dir='ltr'>vir</span> <span class='ocrx_word' id='word_1_173' title='bbox 374 1629 520 1680; x_wconf 82' lang='lat' dir='ltr'>longae</span> <span class='ocrx_word' id='word_1_174' title='bbox 548 1634 743 1674; x_wconf 85' lang='lat' dir='ltr'>staturae,</span> <span class='ocrx_word' id='word_1_175' title='bbox 771 1628 978 1680; x_wconf 85' lang='lat' dir='ltr'>paululum</span> <span class='ocrx_word' id='word_1_176' title='bbox 1004 1631 1203 1673; x_wconf 77' lang='lat' dir='ltr'>incurvus,</span> <span class='ocrx_word' id='word_1_177' title='bbox 1231 1632 1344 1680; x_wconf 84' lang='lat' dir='ltr'>nigro</span> 
     </span>
     <span class='ocr_line' id='line_1_27' title="bbox 157 1682 1343 1732; baseline -0.001 -13"><span class='ocrx_word' id='word_1_178' title='bbox 157 1682 314 1732; x_wconf 83' lang='lat' dir='ltr'>capillo,</span> <span class='ocrx_word' id='word_1_179' title='bbox 360 1682 462 1720; x_wconf 85' lang='lat' dir='ltr'>facie</span> <span class='ocrx_word' id='word_1_180' title='bbox 510 1683 739 1727; x_wconf 75' lang='lat' dir='ltr'>macilenta,</span> <span class='ocrx_word' id='word_1_181' title='bbox 786 1695 882 1720; x_wconf 86' lang='lat' dir='ltr'>naso</span> <span class='ocrx_word' id='word_1_182' title='bbox 937 1682 1090 1719; x_wconf 85' lang='lat' dir='ltr'>adunco</span> <span class='ocrx_word' id='word_1_183' title='bbox 1142 1685 1343 1732; x_wconf 84' lang='lat' dir='ltr'>pertenui,</span> 
     </span>
     <span class='ocr_line' id='line_1_28' title="bbox 158 1735 1345 1786; baseline 0 -15"><span class='ocrx_word' id='word_1_184' title='bbox 158 1735 395 1774; x_wconf 86' lang='lat' dir='ltr'>venerabilis</span> <span class='ocrx_word' id='word_1_185' title='bbox 449 1736 563 1773; x_wconf 89' lang='lat' dir='ltr'>simul</span> <span class='ocrx_word' id='word_1_186' title='bbox 620 1741 662 1774; x_wconf 86' lang='lat' dir='ltr'>et</span> <span class='ocrx_word' id='word_1_187' title='bbox 713 1735 901 1773; x_wconf 80' lang='lat' dir='ltr'>terribilis</span> <span class='ocrx_word' id='word_1_188' title='bbox 955 1740 1132 1786; x_wconf 88' lang='lat' dir='ltr'>aspectu.</span> <span class='ocrx_word' id='word_1_189' title='bbox 1190 1735 1345 1773; x_wconf 85' lang='lat' dir='ltr'>Habuit</span> 
     </span>
    </p>
   </div>
   <div class='ocr_carea' id='block_1_5' title="bbox 156 1847 1344 2050">
    <p class='ocr_par' dir='ltr' id='par_1_6' title="bbox 202 1847 693 1880">
     <span class='ocr_line' id='line_1_29' title="bbox 202 1847 693 1880; baseline 0 -1"><span class='ocrx_word' id='word_1_190' title='bbox 202 1848 215 1867; x_wconf 87' lang='lat'>¹</span> <span class='ocrx_word' id='word_1_191' title='bbox 237 1847 383 1879; x_wconf 78' lang='lat' dir='ltr'>Modern</span> <span class='ocrx_word' id='word_1_192' title='bbox 401 1847 504 1879; x_wconf 80' lang='lat' dir='ltr'>Black</span> <span class='ocrx_word' id='word_1_193' title='bbox 523 1858 560 1879; x_wconf 93' lang='lat' dir='ltr'>or</span> <span class='ocrx_word' id='word_1_194' title='bbox 579 1847 693 1880; x_wconf 66' lang='lat' dir='ltr'>Blalce.</span> 
     </span>
    </p>

    <p class='ocr_par' dir='ltr' id='par_1_7' title="bbox 201 1890 708 1931">
     <span class='ocr_line' id='line_1_30' title="bbox 201 1890 708 1931; baseline 0.002 -10"><span class='ocrx_word' id='word_1_195' title='bbox 201 1891 212 1909; x_wconf 75' lang='lat'><strong>²</strong></span> <span class='ocrx_word' id='word_1_196' title='bbox 235 1891 388 1931; x_wconf 77' lang='lat' dir='ltr'>Partney</span> <span class='ocrx_word' id='word_1_197' title='bbox 406 1891 442 1922; x_wconf 91' lang='lat' dir='ltr'>in</span> <span class='ocrx_word' id='word_1_198' title='bbox 461 1890 708 1922; x_wconf 78' lang='lat' dir='ltr'>Lincolnshire.</span> 
     </span>
    </p>

    <p class='ocr_par' dir='ltr' id='par_1_8' title="bbox 156 1931 1344 2050">
     <span class='ocr_line' id='line_1_31' title="bbox 200 1931 1342 1974; baseline 0.002 -11"><span class='ocrx_word' id='word_1_199' title='bbox 200 1933 212 1951; x_wconf 79' lang='lat'><strong>³</strong></span> <span class='ocrx_word' id='word_1_200' title='bbox 235 1932 308 1964; x_wconf 83' lang='lat' dir='ltr'>Not</span> <span class='ocrx_word' id='word_1_201' title='bbox 323 1933 492 1973; x_wconf 80' lang='lat' dir='ltr'>certainly</span> <span class='ocrx_word' id='word_1_202' title='bbox 506 1932 696 1967; x_wconf 86' lang='lat' dir='ltr'>identified,</span> <span class='ocrx_word' id='word_1_203' title='bbox 714 1932 777 1963; x_wconf 87' lang='lat' dir='ltr'>but</span> <span class='ocrx_word' id='word_1_204' title='bbox 793 1943 874 1974; x_wconf 78' lang='lat' dir='ltr'>may</span> <span class='ocrx_word' id='word_1_205' title='bbox 890 1932 932 1963; x_wconf 90' lang='lat' dir='ltr'>be</span> <span class='ocrx_word' id='word_1_206' title='bbox 947 1931 1211 1972; x_wconf 74' lang='lat' dir='ltr'>Littleborough</span> <span class='ocrx_word' id='word_1_207' title='bbox 1226 1942 1270 1964; x_wconf 88' lang='lat' dir='ltr'>on</span> <span class='ocrx_word' id='word_1_208' title='bbox 1281 1933 1342 1965; x_wconf 76' lang='lat' dir='ltr'>the</span> 
     </span>
     <span class='ocr_line' id='line_1_32' title="bbox 158 1974 1344 2013; baseline 0.001 -7"><span class='ocrx_word' id='word_1_209' title='bbox 158 1975 293 2006; x_wconf 70' lang='lat' dir='ltr'>Roman</span> <span class='ocrx_word' id='word_1_210' title='bbox 309 1975 394 2006; x_wconf 86' lang='lat' dir='ltr'>road</span> <span class='ocrx_word' id='word_1_211' title='bbox 409 1975 500 2007; x_wconf 79' lang='lat' dir='ltr'>from</span> <span class='ocrx_word' id='word_1_212' title='bbox 515 1975 612 2007; x_wconf 85' lang='lat' dir='ltr'>York</span> <span class='ocrx_word' id='word_1_213' title='bbox 627 1978 665 2007; x_wconf 80' lang='lat' dir='ltr'>to</span> <span class='ocrx_word' id='word_1_214' title='bbox 680 1975 836 2013; x_wconf 78' lang='lat' dir='ltr'>Lineoln,</span> <span class='ocrx_word' id='word_1_215' title='bbox 852 1974 963 2007; x_wconf 84' lang='lat' dir='ltr'>where</span> <span class='ocrx_word' id='word_1_216' title='bbox 978 1974 1076 2007; x_wconf 77' lang='lat' dir='ltr'>there</span> <span class='ocrx_word' id='word_1_217' title='bbox 1089 1975 1119 2007; x_wconf 88' lang='lat' dir='ltr'>is</span> <span class='ocrx_word' id='word_1_218' title='bbox 1134 1984 1152 2006; x_wconf 83' lang='lat' dir='ltr'>a</span> <span class='ocrx_word' id='word_1_219' title='bbox 1169 1975 1247 2007; x_wconf 76' lang='lat' dir='ltr'>ford</span> <span class='ocrx_word' id='word_1_220' title='bbox 1261 1986 1344 2008; x_wconf 82' lang='lat' dir='ltr'>over</span> 
     </span>
     <span class='ocr_line' id='line_1_33' title="bbox 156 2017 351 2050; baseline 0.015 -3"><span class='ocrx_word' id='word_1_221' title='bbox 156 2018 215 2048; x_wconf 70' lang='lat' dir='ltr'>the</span> <span class='ocrx_word' id='word_1_222' title='bbox 231 2017 351 2050; x_wconf 76' lang='lat' dir='ltr'>Trent.</span> 
     </span>
    </p>
   </div>
   <div class='ocr_carea' id='block_1_6' title="bbox 160 2079 229 2124">
    <p class='ocr_par' dir='ltr' id='par_1_9' title="bbox 160 2079 229 2124">
     <span class='ocr_line' id='line_1_34' title="bbox 160 2079 229 2124; baseline 0.029 -11"><span class='ocrx_word' id='word_1_223' title='bbox 160 2079 229 2124; x_wconf 86' lang='lat'>296</span> 
     </span>
    </p>
   </div>
  </div>
 </body>
</html>
