<?xml version="1.0" encoding="UTF-8"?>
<!DOCTYPE html PUBLIC "-//W3C//DTD XHTML 1.0 Transitional//EN"
    "http://www.w3.org/TR/xhtml1/DTD/xhtml1-transitional.dtd">
<html xmlns="http://www.w3.org/1999/xhtml" xml:lang="en" lang="en">
 <head>
  <title>
</title>
<meta http-equiv="Content-Type" content="text/html;charset=utf-8" />
  <meta name='ocr-system' content='tesseract 3.04.00' />
  <meta name='ocr-capabilities' content='ocr_page ocr_carea ocr_par ocr_line ocrx_word'/>
</head>
<body>
  <div class='ocr_page' id='page_1' title='image "./operahistorica01bedeuoft_0498.png"; bbox 0 0 1473 2322; ppageno 0'>
   <div class='ocr_carea' id='block_1_1' title="bbox 455 173 1116 212">
    <p class='ocr_par' dir='ltr' id='par_1_1' title="bbox 455 173 1116 212">
     <span class='ocr_line' id='line_1_1' title="bbox 455 173 1116 212; baseline 0 0"><span class='ocrx_word' id='word_1_1' title='bbox 455 174 567 212; x_wconf 89' lang='lat' dir='ltr'><strong>THE</strong></span> <span class='ocrx_word' id='word_1_2' title='bbox 603 173 933 212; x_wconf 90' lang='lat' dir='ltr'><strong>VENERABLE</strong></span> <span class='ocrx_word' id='word_1_3' title='bbox 968 174 1116 212; x_wconf 90' lang='lat' dir='ltr'><strong>BEDE</strong></span> 
     </span>
    </p>
   </div>
   <div class='ocr_carea' id='block_1_2' title="bbox 191 276 1382 1380">
    <p class='ocr_par' dir='ltr' id='par_1_2' title="bbox 191 276 1382 1380">
     <span class='ocr_line' id='line_1_2' title="bbox 193 276 1379 327; baseline 0 -13"><span class='ocrx_word' id='word_1_4' title='bbox 193 277 349 314; x_wconf 80' lang='lat' dir='ltr'><strong>nalibus</strong></span> <span class='ocrx_word' id='word_1_5' title='bbox 370 276 547 322; x_wconf 87' lang='lat' dir='ltr'><strong>Merciis,</strong></span> <span class='ocrx_word' id='word_1_6' title='bbox 566 290 735 326; x_wconf 88' lang='lat' dir='ltr'><strong>quorum</strong></span> <span class='ocrx_word' id='word_1_7' title='bbox 754 282 864 314; x_wconf 77' lang='lat' dir='ltr'><strong>terra</strong></span> <span class='ocrx_word' id='word_1_8' title='bbox 882 281 945 315; x_wconf 92' lang='lat' dir='ltr'><strong>est</strong></span> <span class='ocrx_word' id='word_1_9' title='bbox 962 276 1203 314; x_wconf 85' lang='lat' dir='ltr'><strong>familiarum</strong></span> <span class='ocrx_word' id='word_1_10' title='bbox 1221 283 1379 327; x_wconf 80' lang='lat' dir='ltr'><strong>septem</strong></span> 
     </span>
     <span class='ocr_line' id='line_1_3' title="bbox 191 337 1379 388; baseline 0 -12"><span class='ocrx_word' id='word_1_11' title='bbox 191 338 373 376; x_wconf 87' lang='lat' dir='ltr'><strong>millium.</strong></span> <span class='ocrx_word' id='word_1_12' title='bbox 427 337 509 376; x_wconf 89' lang='lat' dir='ltr'><strong>Sed</strong></span> <span class='ocrx_word' id='word_1_13' title='bbox 543 338 651 376; x_wconf 92' lang='lat' dir='ltr'><strong>idem</strong></span> <span class='ocrx_word' id='word_1_14' title='bbox 689 337 825 375; x_wconf 83' lang='lat' dir='ltr'><strong>Peada</strong></span> <span class='ocrx_word' id='word_1_15' title='bbox 860 341 1042 388; x_wconf 89' lang='lat' dir='ltr'><strong>proximo</strong></span> <span class='ocrx_word' id='word_1_16' title='bbox 1079 352 1171 377; x_wconf 86' lang='lat' dir='ltr'><strong>vere</strong></span> <span class='ocrx_word' id='word_1_17' title='bbox 1206 338 1379 376; x_wconf 83' lang='lat' dir='ltr'><strong>multum</strong></span> 
     </span>
     <span class='ocr_line' id='line_1_4' title="bbox 192 400 1380 451; baseline 0.001 -14"><span class='ocrx_word' id='word_1_18' title='bbox 192 400 345 438; x_wconf 85' lang='lat' dir='ltr'><strong>nefarie</strong></span> <span class='ocrx_word' id='word_1_19' title='bbox 365 405 600 450; x_wconf 87' lang='lat' dir='ltr'><strong>peremptus</strong></span> <span class='ocrx_word' id='word_1_20' title='bbox 622 405 698 445; x_wconf 89' lang='lat' dir='ltr'><strong>est,</strong></span> <span class='ocrx_word' id='word_1_21' title='bbox 714 400 957 450; x_wconf 82' lang='lat' dir='ltr'><strong>proditione,</strong></span> <span class='ocrx_word' id='word_1_22' title='bbox 973 406 1019 437; x_wconf 88' lang='lat' dir='ltr'><strong>ut</strong></span> <span class='ocrx_word' id='word_1_23' title='bbox 1034 400 1187 446; x_wconf 81' lang='lat' dir='ltr'><strong>dicunt,</strong></span> <span class='ocrx_word' id='word_1_24' title='bbox 1201 403 1380 451; x_wconf 82' lang='lat' dir='ltr'><strong>coniugis</strong></span> 
     </span>
     <span class='ocr_line' id='line_1_5' title="bbox 192 461 1380 513; baseline 0.001 -14"><span class='ocrx_word' id='word_1_25' title='bbox 192 476 304 507; x_wconf 85' lang='lat' dir='ltr'><strong>suae,</strong></span> <span class='ocrx_word' id='word_1_26' title='bbox 343 464 385 499; x_wconf 89' lang='lat' dir='ltr'><strong>in</strong></span> <span class='ocrx_word' id='word_1_27' title='bbox 424 465 510 512; x_wconf 92' lang='lat' dir='ltr'><strong>ipso</strong></span> <span class='ocrx_word' id='word_1_28' title='bbox 551 467 735 512; x_wconf 90' lang='lat' dir='ltr'><strong>tempore</strong></span> <span class='ocrx_word' id='word_1_29' title='bbox 776 461 870 499; x_wconf 88' lang='lat' dir='ltr'><strong>festi</strong></span> <span class='ocrx_word' id='word_1_30' title='bbox 911 461 1120 512; x_wconf 86' lang='lat' dir='ltr'><strong>paschalis.</strong></span> <span class='ocrx_word' id='word_1_31' title='bbox 1175 461 1380 513; x_wconf 87' lang='lat' dir='ltr'><strong>Conpletis</strong></span> 
     </span>
     <span class='ocr_line' id='line_1_6' title="bbox 192 523 1381 575; baseline 0.001 -14"><span class='ocrx_word' id='word_1_32' title='bbox 192 530 331 562; x_wconf 83' lang='lat' dir='ltr'><strong>autem</strong></span> <span class='ocrx_word' id='word_1_33' title='bbox 348 525 476 561; x_wconf 88' lang='lat' dir='ltr'><strong>tribus</strong></span> <span class='ocrx_word' id='word_1_34' title='bbox 495 526 608 561; x_wconf 90' lang='lat' dir='ltr'><strong>annis</strong></span> <span class='ocrx_word' id='word_1_35' title='bbox 625 529 717 574; x_wconf 87' lang='lat' dir='ltr'><strong>post</strong></span> <span class='ocrx_word' id='word_1_36' title='bbox 734 523 1060 562; x_wconf 85' lang='lat' dir='ltr'><strong>interfectionem</strong></span> <span class='ocrx_word' id='word_1_37' title='bbox 1078 523 1244 562; x_wconf 84' lang='lat' dir='ltr'><strong>Pendan</strong></span> <span class='ocrx_word' id='word_1_38' title='bbox 1261 527 1381 575; x_wconf 88' lang='lat' dir='ltr'><strong>regis,</strong></span> 
     </span>
     <span class='ocr_line' id='line_1_7' title="bbox 191 585 1380 637; baseline 0 -13"><span class='ocrx_word' id='word_1_39' title='bbox 191 586 442 624; x_wconf 88' lang='lat' dir='ltr'><strong>rebellarunt</strong></span> <span class='ocrx_word' id='word_1_40' title='bbox 487 586 676 623; x_wconf 88' lang='lat' dir='ltr'><strong>adversus</strong></span> <span class='ocrx_word' id='word_1_41' title='bbox 722 599 862 636; x_wconf 84' lang='lat' dir='ltr'><strong>regem</strong></span> <span class='ocrx_word' id='word_1_42' title='bbox 908 585 1036 624; x_wconf 91' lang='lat' dir='ltr'><strong>Osuiu</strong></span> <span class='ocrx_word' id='word_1_43' title='bbox 1081 587 1202 625; x_wconf 83' lang='lat' dir='ltr'><strong>duces</strong></span> <span class='ocrx_word' id='word_1_44' title='bbox 1248 590 1380 637; x_wconf 84' lang='lat' dir='ltr'><strong>gentis</strong></span> 
     </span>
     <span class='ocr_line' id='line_1_8' title="bbox 193 647 1381 694; baseline 0.001 -9"><span class='ocrx_word' id='word_1_45' title='bbox 193 648 439 686; x_wconf 86' lang='lat' dir='ltr'><strong>Merciorum</strong></span> <span class='ocrx_word' id='word_1_46' title='bbox 467 648 628 693; x_wconf 90' lang='lat' dir='ltr'><strong>Immin‚</strong></span> <span class='ocrx_word' id='word_1_47' title='bbox 656 653 699 686; x_wconf 86' lang='lat' dir='ltr'><strong>et</strong></span> <span class='ocrx_word' id='word_1_48' title='bbox 724 648 842 693; x_wconf 77' lang='lat' dir='ltr'><strong>Eafa,</strong></span> <span class='ocrx_word' id='word_1_49' title='bbox 868 653 912 686; x_wconf 91' lang='lat' dir='ltr'><strong>et</strong></span> <span class='ocrx_word' id='word_1_50' title='bbox 937 648 1155 694; x_wconf 88' lang='lat' dir='ltr'><strong>Eadberct,</strong></span> <span class='ocrx_word' id='word_1_51' title='bbox 1180 647 1315 686; x_wconf 85' lang='lat' dir='ltr'><strong>levato</strong></span> <span class='ocrx_word' id='word_1_52' title='bbox 1340 651 1381 686; x_wconf 93' lang='lat' dir='ltr'><strong>in</strong></span> 
     </span>
     <span class='ocr_line' id='line_1_9' title="bbox 191 709 1382 761; baseline 0.001 -13"><span class='ocrx_word' id='word_1_53' title='bbox 191 724 331 761; x_wconf 86' lang='lat' dir='ltr'><strong>regem</strong></span> <span class='ocrx_word' id='word_1_54' title='bbox 359 711 394 747; x_wconf 86' lang='lat' dir='ltr'>V</span> <span class='ocrx_word' id='word_1_55' title='bbox 397 710 570 755; x_wconf 87' lang='lat' dir='ltr'><strong>ulfhere,</strong></span> <span class='ocrx_word' id='word_1_56' title='bbox 598 709 677 747; x_wconf 86' lang='lat' dir='ltr'><strong>filio</strong></span> <span class='ocrx_word' id='word_1_57' title='bbox 707 710 887 748; x_wconf 86' lang='lat' dir='ltr'><strong>eiusdem</strong></span> <span class='ocrx_word' id='word_1_58' title='bbox 916 709 1082 748; x_wconf 88' lang='lat' dir='ltr'><strong>Pendan</strong></span> <span class='ocrx_word' id='word_1_59' title='bbox 1111 710 1382 757; x_wconf 74' lang='lat' dir='ltr'><strong>adolescente,</strong></span> 
     </span>
     <span class='ocr_line' id='line_1_10' title="bbox 193 772 1381 823; baseline 0.001 -13"><span class='ocrx_word' id='word_1_60' title='bbox 193 786 314 823; x_wconf 87' lang='lat' dir='ltr'><strong>quem</strong></span> <span class='ocrx_word' id='word_1_61' title='bbox 343 772 545 809; x_wconf 89' lang='lat' dir='ltr'><strong>occultum</strong></span> <span class='ocrx_word' id='word_1_62' title='bbox 574 777 854 815; x_wconf 80' lang='lat' dir='ltr'><strong>servaverant3</strong></span> <span class='ocrx_word' id='word_1_63' title='bbox 899 777 942 809; x_wconf 89' lang='lat' dir='ltr'><strong>et</strong></span> <span class='ocrx_word' id='word_1_64' title='bbox 970 775 1108 810; x_wconf 87' lang='lat' dir='ltr'><strong>eiectis</strong></span> <span class='ocrx_word' id='word_1_65' title='bbox 1138 774 1381 823; x_wconf 85' lang='lat' dir='ltr'><strong>principibus</strong></span> 
     </span>
     <span class='ocr_line' id='line_1_11' title="bbox 191 833 1382 885; baseline 0.001 -13"><span class='ocrx_word' id='word_1_66' title='bbox 191 837 298 885; x_wconf 87' lang='lat' dir='ltr'><strong>regis</strong></span> <span class='ocrx_word' id='word_1_67' title='bbox 324 848 405 871; x_wconf 89' lang='lat' dir='ltr'><strong>non</strong></span> <span class='ocrx_word' id='word_1_68' title='bbox 431 836 595 884; x_wconf 88' lang='lat' dir='ltr'><strong>proprii,</strong></span> <span class='ocrx_word' id='word_1_69' title='bbox 622 833 721 871; x_wconf 89' lang='lat' dir='ltr'><strong>fines</strong></span> <span class='ocrx_word' id='word_1_70' title='bbox 749 847 840 871; x_wconf 90' lang='lat' dir='ltr'><strong>suos</strong></span> <span class='ocrx_word' id='word_1_71' title='bbox 867 833 1027 871; x_wconf 88' lang='lat' dir='ltr'><strong>fortiter</strong></span> <span class='ocrx_word' id='word_1_72' title='bbox 1053 834 1169 871; x_wconf 89' lang='lat' dir='ltr'><strong>simul</strong></span> <span class='ocrx_word' id='word_1_73' title='bbox 1197 841 1239 872; x_wconf 89' lang='lat' dir='ltr'><strong>et</strong></span> <span class='ocrx_word' id='word_1_74' title='bbox 1264 835 1382 873; x_wconf 86' lang='lat' dir='ltr'><strong>liber-</strong></span> 
     </span>
     <span class='ocr_line' id='line_1_12' title="bbox 192 895 1382 946; baseline 0.001 -13"><span class='ocrx_word' id='word_1_75' title='bbox 192 902 322 934; x_wconf 84' lang='lat' dir='ltr'><strong>tatem</strong></span> <span class='ocrx_word' id='word_1_76' title='bbox 337 901 601 945; x_wconf 86' lang='lat' dir='ltr'><strong>receperunt:</strong></span> <span class='ocrx_word' id='word_1_77' title='bbox 630 897 765 945; x_wconf 91' lang='lat' dir='ltr'><strong>sicque</strong></span> <span class='ocrx_word' id='word_1_78' title='bbox 781 908 871 932; x_wconf 90' lang='lat' dir='ltr'><strong>cum</strong></span> <span class='ocrx_word' id='word_1_79' title='bbox 886 909 957 932; x_wconf 92' lang='lat' dir='ltr'><strong>suo</strong></span> <span class='ocrx_word' id='word_1_80' title='bbox 971 908 1067 946; x_wconf 83' lang='lat' dir='ltr'><strong>rege</strong></span> <span class='ocrx_word' id='word_1_81' title='bbox 1080 895 1210 942; x_wconf 87' lang='lat' dir='ltr'><strong>liberi,</strong></span> <span class='ocrx_word' id='word_1_82' title='bbox 1224 896 1382 934; x_wconf 85' lang='lat' dir='ltr'><strong>Christo</strong></span> 
     </span>
     <span class='ocr_line' id='line_1_13' title="bbox 193 956 1382 1008; baseline 0.002 -13"><span class='ocrx_word' id='word_1_83' title='bbox 193 972 287 996; x_wconf 85' lang='lat' dir='ltr'><strong>vero</strong></span> <span class='ocrx_word' id='word_1_84' title='bbox 300 960 386 1008; x_wconf 85' lang='lat' dir='ltr'><strong>regi</strong></span> <span class='ocrx_word' id='word_1_85' title='bbox 400 971 471 1007; x_wconf 88' lang='lat' dir='ltr'><strong>pro</strong></span> <span class='ocrx_word' id='word_1_86' title='bbox 485 959 732 1007; x_wconf 82' lang='lat' dir='ltr'><strong>sempiterno</strong></span> <span class='ocrx_word' id='word_1_87' title='bbox 746 959 786 994; x_wconf 91' lang='lat' dir='ltr'><strong>in</strong></span> <span class='ocrx_word' id='word_1_88' title='bbox 800 956 919 995; x_wconf 86' lang='lat' dir='ltr'><strong>caelis</strong></span> <span class='ocrx_word' id='word_1_89' title='bbox 933 970 1058 1008; x_wconf 86' lang='lat' dir='ltr'><strong>regno</strong></span> <span class='ocrx_word' id='word_1_90' title='bbox 1071 961 1218 996; x_wconf 82' lang='lat' dir='ltr'><strong>servire</strong></span> <span class='ocrx_word' id='word_1_91' title='bbox 1231 959 1382 1008; x_wconf 87' lang='lat' dir='ltr'><strong>gaude-</strong></span> 
     </span>
     <span class='ocr_line' id='line_1_14' title="bbox 192 1019 1381 1069; baseline 0.001 -12"><span class='ocrx_word' id='word_1_92' title='bbox 192 1022 304 1057; x_wconf 83' lang='lat' dir='ltr'><strong>bant.</strong></span> <span class='ocrx_word' id='word_1_93' title='bbox 361 1019 542 1057; x_wconf 83' lang='lat' dir='ltr'><strong>Praefuit</strong></span> <span class='ocrx_word' id='word_1_94' title='bbox 574 1024 713 1057; x_wconf 89' lang='lat' dir='ltr'><strong>autem</strong></span> <span class='ocrx_word' id='word_1_95' title='bbox 744 1033 815 1057; x_wconf 81' lang='lat' dir='ltr'><strong>rex</strong></span> <span class='ocrx_word' id='word_1_96' title='bbox 848 1019 956 1057; x_wconf 87' lang='lat' dir='ltr'><strong>idem</strong></span> <span class='ocrx_word' id='word_1_97' title='bbox 988 1022 1103 1069; x_wconf 87' lang='lat' dir='ltr'><strong>genti</strong></span> <span class='ocrx_word' id='word_1_98' title='bbox 1138 1019 1381 1058; x_wconf 88' lang='lat' dir='ltr'><strong>Merciorum</strong></span> 
     </span>
     <span class='ocr_line' id='line_1_15' title="bbox 194 1080 1382 1133; baseline 0.001 -14"><span class='ocrx_word' id='word_1_99' title='bbox 194 1084 306 1119; x_wconf 87' lang='lat' dir='ltr'><strong>annis</strong></span> <span class='ocrx_word' id='word_1_100' title='bbox 343 1082 485 1119; x_wconf 90' lang='lat' dir='ltr'><strong>decem</strong></span> <span class='ocrx_word' id='word_1_101' title='bbox 522 1086 565 1118; x_wconf 88' lang='lat' dir='ltr'><strong>et</strong></span> <span class='ocrx_word' id='word_1_102' title='bbox 600 1087 774 1131; x_wconf 81' lang='lat' dir='ltr'><strong>septem,</strong></span> <span class='ocrx_word' id='word_1_103' title='bbox 810 1080 1034 1131; x_wconf 83' lang='lat' dir='ltr'><strong>habuitque</strong></span> <span class='ocrx_word' id='word_1_104' title='bbox 1070 1084 1243 1131; x_wconf 86' lang='lat' dir='ltr'><strong>primum</strong></span> <span class='ocrx_word' id='word_1_105' title='bbox 1281 1085 1382 1133; x_wconf 89' lang='lat' dir='ltr'><strong>epis-</strong></span> 
     </span>
     <span class='ocr_line' id='line_1_16' title="bbox 193 1143 1380 1194; baseline 0.001 -13"><span class='ocrx_word' id='word_1_106' title='bbox 193 1158 338 1194; x_wconf 89' lang='lat' dir='ltr'><strong>copum</strong></span> <span class='ocrx_word' id='word_1_107' title='bbox 364 1143 589 1188; x_wconf 86' lang='lat' dir='ltr'><strong>Trumheri,</strong></span> <span class='ocrx_word' id='word_1_108' title='bbox 616 1144 666 1181; x_wconf 94' lang='lat' dir='ltr'><strong>de</strong></span> <span class='ocrx_word' id='word_1_109' title='bbox 695 1157 773 1193; x_wconf 91' lang='lat' dir='ltr'><strong>quo</strong></span> <span class='ocrx_word' id='word_1_110' title='bbox 801 1156 921 1193; x_wconf 87' lang='lat' dir='ltr'><strong>supra</strong></span> <span class='ocrx_word' id='word_1_111' title='bbox 946 1143 1134 1189; x_wconf 79' lang='lat' dir='ltr'><strong>diximus,</strong></span> <span class='ocrx_word' id='word_1_112' title='bbox 1161 1145 1380 1182; x_wconf 87' lang='lat' dir='ltr'><strong>secundum</strong></span> 
     </span>
     <span class='ocr_line' id='line_1_17' title="bbox 194 1204 1380 1257; baseline 0.001 -14"><span class='ocrx_word' id='word_1_113' title='bbox 194 1207 397 1251; x_wconf 84' lang='lat' dir='ltr'><strong>Iaruman,</strong></span> <span class='ocrx_word' id='word_1_114' title='bbox 429 1208 596 1243; x_wconf 85' lang='lat' dir='ltr'><strong>tertium</strong></span> <span class='ocrx_word' id='word_1_115' title='bbox 641 1204 848 1251; x_wconf 83' lang='lat' dir='ltr'><strong>Ceaddan,</strong></span> <span class='ocrx_word' id='word_1_116' title='bbox 892 1211 1082 1255; x_wconf 89' lang='lat' dir='ltr'><strong>quartum</strong></span> <span class='ocrx_word' id='word_1_117' title='bbox 1126 1205 1380 1257; x_wconf 86' lang='lat' dir='ltr'><strong>Vynfridum.</strong></span> 
     </span>
     <span class='ocr_line' id='line_1_18' title="bbox 194 1267 1381 1319; baseline 0 -13"><span class='ocrx_word' id='word_1_118' title='bbox 194 1268 346 1306; x_wconf 87' lang='lat' dir='ltr'><strong>Omnes</strong></span> <span class='ocrx_word' id='word_1_119' title='bbox 366 1267 407 1304; x_wconf 88' lang='lat' dir='ltr'><strong>hi</strong></span> <span class='ocrx_word' id='word_1_120' title='bbox 427 1281 500 1317; x_wconf 88' lang='lat' dir='ltr'><strong>per</strong></span> <span class='ocrx_word' id='word_1_121' title='bbox 521 1267 702 1305; x_wconf 78' lang='lat' dir='ltr'><strong>ordinem</strong></span> <span class='ocrx_word' id='word_1_122' title='bbox 723 1268 885 1305; x_wconf 89' lang='lat' dir='ltr'><strong>sibimet</strong></span> <span class='ocrx_word' id='word_1_123' title='bbox 906 1268 1169 1305; x_wconf 85' lang='lat' dir='ltr'><strong>succedentes</strong></span> <span class='ocrx_word' id='word_1_124' title='bbox 1190 1269 1265 1306; x_wconf 91' lang='lat' dir='ltr'><strong>sub</strong></span> <span class='ocrx_word' id='word_1_125' title='bbox 1285 1283 1381 1319; x_wconf 86' lang='lat' dir='ltr'><strong>rege</strong></span> 
     </span>
     <span class='ocr_line' id='line_1_19' title="bbox 193 1329 1362 1380; baseline 0.002 -14"><span class='ocrx_word' id='word_1_126' title='bbox 193 1329 401 1375; x_wconf 76' lang='lat' dir='ltr'><strong>Vulfhere,</strong></span> <span class='ocrx_word' id='word_1_127' title='bbox 421 1332 556 1379; x_wconf 85' lang='lat' dir='ltr'><strong>gentis</strong></span> <span class='ocrx_word' id='word_1_128' title='bbox 580 1329 825 1367; x_wconf 84' lang='lat' dir='ltr'><strong>Merciorum</strong></span> <span class='ocrx_word' id='word_1_129' title='bbox 847 1332 1083 1380; x_wconf 87' lang='lat' dir='ltr'><strong>episcopatu</strong></span> <span class='ocrx_word' id='word_1_130' title='bbox 1104 1335 1199 1367; x_wconf 89' lang='lat' dir='ltr'><strong>sunt</strong></span> <span class='ocrx_word' id='word_1_131' title='bbox 1220 1330 1362 1368; x_wconf 84' lang='lat' dir='ltr'><strong>functi.</strong></span> 
     </span>
    </p>
   </div>
   <div class='ocr_carea' id='block_1_3' title="bbox 653 1483 921 1522">
    <p class='ocr_par' dir='ltr' id='par_1_3' title="bbox 653 1483 921 1522">
     <span class='ocr_line' id='line_1_20' title="bbox 653 1483 921 1522; baseline -0.004 -1"><span class='ocrx_word' id='word_1_132' title='bbox 653 1483 770 1522; x_wconf 88' lang='lat' dir='ltr'><strong>CAP.</strong></span> <span class='ocrx_word' id='word_1_133' title='bbox 808 1483 921 1521; x_wconf 91' lang='lat' dir='ltr'><strong>XXV</strong></span> 
     </span>
    </p>
   </div>
   <div class='ocr_carea' id='block_1_4' title="bbox 199 1569 1383 1669">
    <p class='ocr_par' dir='ltr' id='par_1_4' title="bbox 199 1569 1383 1669">
     <span class='ocr_line' id='line_1_21' title="bbox 199 1569 1383 1623; baseline 0.001 -15"><span class='ocrx_word' id='word_1_134' title='bbox 199 1572 247 1608; x_wconf 61' lang='lat' dir='ltr'><strong>[ft</strong></span> <span class='ocrx_word' id='word_1_135' title='bbox 265 1570 430 1622; x_wconf 76' lang='lat' dir='ltr'><strong>quaestio</strong></span> <span class='ocrx_word' id='word_1_136' title='bbox 449 1570 496 1608; x_wconf 76' lang='lat' dir='ltr'><strong>sit</strong></span> <span class='ocrx_word' id='word_1_137' title='bbox 514 1575 611 1608; x_wconf 75' lang='lat' dir='ltr'><strong>mota</strong></span> <span class='ocrx_word' id='word_1_138' title='bbox 630 1570 674 1607; x_wconf 82' lang='lat' dir='ltr'><strong>de</strong></span> <span class='ocrx_word' id='word_1_139' title='bbox 693 1575 849 1621; x_wconf 79' lang='lat' dir='ltr'><strong>tempore</strong></span> <span class='ocrx_word' id='word_1_140' title='bbox 862 1570 1028 1621; x_wconf 71' lang='lat' dir='ltr'><strong>paschae</strong></span> <span class='ocrx_word' id='word_1_141' title='bbox 1046 1569 1222 1609; x_wconf 71' lang='lat' dir='ltr'><strong>adversus</strong></span> <span class='ocrx_word' id='word_1_142' title='bbox 1240 1584 1301 1609; x_wconf 83' lang='lat' dir='ltr'><strong>eos</strong></span> <span class='ocrx_word' id='word_1_143' title='bbox 1319 1572 1383 1623; x_wconf 81' lang='lat' dir='ltr'><strong>qui</strong></span> 
     </span>
     <span class='ocr_line' id='line_1_22' title="bbox 596 1632 997 1669; baseline 0 0"><span class='ocrx_word' id='word_1_144' title='bbox 596 1632 640 1669; x_wconf 84' lang='lat' dir='ltr'><strong>de</strong></span> <span class='ocrx_word' id='word_1_145' title='bbox 659 1632 796 1669; x_wconf 76' lang='lat' dir='ltr'><strong>Scottia</strong></span> <span class='ocrx_word' id='word_1_146' title='bbox 814 1637 997 1669; x_wconf 69' lang='lat' dir='ltr'><strong>venerant.</strong></span> 
     </span>
    </p>
   </div>
   <div class='ocr_carea' id='block_1_5' title="bbox 191 1717 1382 2081">
    <p class='ocr_par' dir='ltr' id='par_1_5' title="bbox 191 1717 1382 2081">
     <span class='ocr_line' id='line_1_23' title="bbox 242 1717 1382 1768; baseline 0.001 -12"><span class='ocrx_word' id='word_1_147' title='bbox 242 1718 421 1756; x_wconf 76' lang='lat' dir='ltr'>INTEREA</span> <span class='ocrx_word' id='word_1_148' title='bbox 435 1719 594 1756; x_wconf 85' lang='lat' dir='ltr'><strong>Aidano</strong></span> <span class='ocrx_word' id='word_1_149' title='bbox 610 1721 796 1768; x_wconf 90' lang='lat' dir='ltr'><strong>episcopo</strong></span> <span class='ocrx_word' id='word_1_150' title='bbox 812 1718 862 1756; x_wconf 90' lang='lat' dir='ltr'><strong>de</strong></span> <span class='ocrx_word' id='word_1_151' title='bbox 878 1717 952 1755; x_wconf 88' lang='lat' dir='ltr'><strong>hac</strong></span> <span class='ocrx_word' id='word_1_152' title='bbox 968 1721 1050 1755; x_wconf 87' lang='lat' dir='ltr'><strong>vita</strong></span> <span class='ocrx_word' id='word_1_153' title='bbox 1066 1718 1238 1763; x_wconf 83' lang='lat' dir='ltr'><strong>sublato,</strong></span> <span class='ocrx_word' id='word_1_154' title='bbox 1256 1719 1382 1757; x_wconf 86' lang='lat' dir='ltr'><strong>Finan</strong></span> 
     </span>
     <span class='ocr_line' id='line_1_24' title="bbox 191 1780 1381 1832; baseline 0 -13"><span class='ocrx_word' id='word_1_155' title='bbox 191 1795 263 1832; x_wconf 90' lang='lat' dir='ltr'><strong>pro</strong></span> <span class='ocrx_word' id='word_1_156' title='bbox 291 1780 358 1818; x_wconf 93' lang='lat' dir='ltr'><strong>illo</strong></span> <span class='ocrx_word' id='word_1_157' title='bbox 386 1781 557 1831; x_wconf 83' lang='lat' dir='ltr'><strong>gradum</strong></span> <span class='ocrx_word' id='word_1_158' title='bbox 587 1783 841 1831; x_wconf 85' lang='lat' dir='ltr'><strong>episcopatus</strong></span> <span class='ocrx_word' id='word_1_159' title='bbox 871 1793 894 1817; x_wconf 87' lang='lat' dir='ltr'><strong>a</strong></span> <span class='ocrx_word' id='word_1_160' title='bbox 922 1780 1070 1818; x_wconf 86' lang='lat' dir='ltr'><strong>Scottis</strong></span> <span class='ocrx_word' id='word_1_161' title='bbox 1099 1781 1306 1818; x_wconf 79' lang='lat' dir='ltr'><strong>ordinatus</strong></span> <span class='ocrx_word' id='word_1_162' title='bbox 1335 1795 1381 1819; x_wconf 86' lang='lat' dir='ltr'><strong>ac</strong></span> 
     </span>
     <span class='ocr_line' id='line_1_25' title="bbox 191 1842 1382 1893; baseline 0 -12"><span class='ocrx_word' id='word_1_163' title='bbox 191 1847 334 1881; x_wconf 91' lang='lat' dir='ltr'><strong>missus</strong></span> <span class='ocrx_word' id='word_1_164' title='bbox 359 1849 593 1893; x_wconf 85' lang='lat' dir='ltr'><strong>acceperat:</strong></span> <span class='ocrx_word' id='word_1_165' title='bbox 633 1845 701 1893; x_wconf 88' lang='lat' dir='ltr'><strong>qui</strong></span> <span class='ocrx_word' id='word_1_166' title='bbox 725 1845 765 1880; x_wconf 90' lang='lat' dir='ltr'><strong>in</strong></span> <span class='ocrx_word' id='word_1_167' title='bbox 789 1842 919 1880; x_wconf 85' lang='lat' dir='ltr'><strong>insula</strong></span> <span class='ocrx_word' id='word_1_168' title='bbox 944 1842 1259 1881; x_wconf 83' lang='lat' dir='ltr'><strong>Lindjsfarnensi</strong></span> <span class='ocrx_word' id='word_1_169' title='bbox 1284 1843 1382 1881; x_wconf 85' lang='lat' dir='ltr'><strong>fecit</strong></span> 
     </span>
     <span class='ocr_line' id='line_1_26' title="bbox 193 1903 1381 1954; baseline 0 -12"><span class='ocrx_word' id='word_1_170' title='bbox 193 1904 401 1943; x_wconf 84' lang='lat' dir='ltr'><strong>ecclesiam</strong></span> <span class='ocrx_word' id='word_1_171' title='bbox 435 1903 650 1954; x_wconf 84' lang='lat' dir='ltr'><strong>episcopali</strong></span> <span class='ocrx_word' id='word_1_172' title='bbox 682 1904 768 1942; x_wconf 74' lang='lat' dir='ltr'><strong>sedi</strong></span> <span class='ocrx_word' id='word_1_173' title='bbox 799 1916 1040 1953; x_wconf 78' lang='lat' dir='ltr'><strong>congruam3</strong></span> <span class='ocrx_word' id='word_1_174' title='bbox 1088 1917 1209 1954; x_wconf 84' lang='lat' dir='ltr'><strong>quam</strong></span> <span class='ocrx_word' id='word_1_175' title='bbox 1241 1909 1381 1942; x_wconf 81' lang='lat' dir='ltr'><strong>tamen</strong></span> 
     </span>
     <span class='ocr_line' id='line_1_27' title="bbox 193 1965 1380 2016; baseline 0 -12"><span class='ocrx_word' id='word_1_176' title='bbox 193 1980 302 2005; x_wconf 88' lang='lat' dir='ltr'><strong>more</strong></span> <span class='ocrx_word' id='word_1_177' title='bbox 324 1965 568 2011; x_wconf 87' lang='lat' dir='ltr'><strong>Scottorum,</strong></span> <span class='ocrx_word' id='word_1_178' title='bbox 591 1980 671 2004; x_wconf 91' lang='lat' dir='ltr'><strong>non</strong></span> <span class='ocrx_word' id='word_1_179' title='bbox 693 1966 744 2004; x_wconf 89' lang='lat' dir='ltr'><strong>de</strong></span> <span class='ocrx_word' id='word_1_180' title='bbox 766 1965 915 2016; x_wconf 85' lang='lat' dir='ltr'><strong>lapide,</strong></span> <span class='ocrx_word' id='word_1_181' title='bbox 938 1966 1010 2004; x_wconf 85' lang='lat' dir='ltr'><strong>sed</strong></span> <span class='ocrx_word' id='word_1_182' title='bbox 1032 1966 1082 2004; x_wconf 92' lang='lat' dir='ltr'><strong>de</strong></span> <span class='ocrx_word' id='word_1_183' title='bbox 1105 1966 1246 2004; x_wconf 85' lang='lat' dir='ltr'><strong>robore</strong></span> <span class='ocrx_word' id='word_1_184' title='bbox 1270 1972 1380 2004; x_wconf 87' lang='lat' dir='ltr'><strong>secto</strong></span> 
     </span>
     <span class='ocr_line' id='line_1_28' title="bbox 192 2027 1380 2081; baseline 0.003 -15"><span class='ocrx_word' id='word_1_185' title='bbox 192 2035 322 2066; x_wconf 83' lang='lat' dir='ltr'><strong>totam</strong></span> <span class='ocrx_word' id='word_1_186' title='bbox 344 2031 582 2079; x_wconf 80' lang='lat' dir='ltr'><strong>composuit,</strong></span> <span class='ocrx_word' id='word_1_187' title='bbox 603 2034 727 2081; x_wconf 82' lang='lat' dir='ltr'><strong>atque</strong></span> <span class='ocrx_word' id='word_1_188' title='bbox 749 2027 972 2067; x_wconf 83' lang='lat' dir='ltr'><strong>harundine</strong></span> <span class='ocrx_word' id='word_1_189' title='bbox 994 2030 1114 2072; x_wconf 82' lang='lat' dir='ltr'><strong>texit,</strong></span> <span class='ocrx_word' id='word_1_190' title='bbox 1136 2041 1258 2081; x_wconf 84' lang='lat' dir='ltr'><strong>quam</strong></span> <span class='ocrx_word' id='word_1_191' title='bbox 1278 2033 1380 2068; x_wconf 78' lang='lat' dir='ltr'><strong>tem-</strong></span> 
     </span>
    </p>
   </div>
   <div class='ocr_carea' id='block_1_6' title="bbox 192 2102 263 2150">
    <p class='ocr_par' dir='ltr' id='par_1_6' title="bbox 192 2102 263 2150">
     <span class='ocr_line' id='line_1_29' title="bbox 192 2102 263 2150; baseline 0.014 -1"><span class='ocrx_word' id='word_1_192' title='bbox 192 2102 263 2150; x_wconf 80' lang='lat'><strong>456</strong></span> 
     </span>
    </p>
   </div>
  </div>
 </body>
</html>
