1473 2322
443 136 554 175 THE
590 135 920 174 VENERABLE
955 135 1103 175 BEDE

234 242 348 281 Haec
375 241 541 293 quidem
568 245 731 279 sanctus
759 242 818 278 vir
846 254 897 279 ex
924 254 1098 292 magnae
1126 240 1368 280 humilitatis

184 306 411 343 intentione
432 299 616 340 dicebat:
650 303 723 340 sed
742 315 812 340 nos
834 302 997 340 credere
1018 303 1137 340 decet
1156 302 1253 340 nihil
1274 315 1369 341 eum

184 363 442 403 monachicae
471 362 730 413 perfectionis
759 363 982 413 perdidisse
1012 365 1219 401 occasione
1248 376 1368 401 curae

185 425 411 476 pastoralis,
429 427 552 462 immo
572 427 772 474 potiorem
790 428 888 462 tunc
907 427 1123 475 sumpsisse
1142 424 1369 475 profectum

186 489 237 526 de
258 487 396 525 labore
419 488 686 524 conversionis
709 485 943 531 multorum,
966 499 1087 536 quam
1111 486 1161 524 de
1184 489 1369 536 propriae

185 549 390 601 quondam
419 550 558 598 quiete
587 550 900 586 conversationis
928 547 1151 586 habuerat:
1193 550 1368 586 maxime

187 614 282 663 quia
324 615 368 649 et
410 608 630 660 pontificali
673 608 836 647 functus
879 609 1005 647 officio
1049 609 1213 647 domum
1255 623 1370 648 suam

185 674 475 711 monasterium
515 671 651 710 facere
692 673 870 716 curavit;
926 675 970 710 et
1010 671 1108 709 dum
1148 674 1277 722 primo
1318 672 1370 710 de

186 736 431 773 monasterio
449 734 690 778 abstractus,
708 733 760 771 ad
776 735 1043 771 ministerium
1061 733 1198 771 altaris
1215 733 1371 771 ordina-

186 801 267 842 tus,
288 801 413 847 atque
433 794 825 844 Constantinopolim
847 796 1121 844 apocrisiarius
1143 795 1194 833 ab
1214 798 1372 845 aposto-

186 858 263 896 lica
290 858 388 896 sede
417 857 594 894 directus
624 860 701 900 est,
730 869 810 893 non
838 860 979 894 tamen
1007 858 1049 893 in
1089 861 1251 895 terreno
1280 869 1371 894 con-

188 923 370 958 versatus
385 917 537 969 palatio
553 920 804 968 propositum
818 919 926 955 vitae
942 917 1127 956 caelestis
1143 920 1370 956 intermisit.

189 981 293 1018 Nam
317 980 513 1031 quosdam
538 979 711 1016 fratrum
735 993 785 1017 ex
809 981 1054 1017 monasterio
1077 993 1164 1024 suo,
1187 981 1256 1030 qui
1280 993 1372 1018 eum

189 1044 321 1093 gratia
349 1053 568 1092 germanae
598 1042 779 1078 caritatis
810 1041 863 1077 ad
891 1042 1045 1091 regiam
1075 1041 1217 1079 urbem
1245 1043 1372 1079 secuti

189 1108 298 1148 sunt,
327 1105 368 1140 in
397 1106 676 1140 tutamentum
706 1103 840 1151 coepit
870 1102 1151 1141 observantiae
1180 1101 1374 1154 regularis

189 1166 364 1210 habere3
404 1164 593 1202 videlicet
620 1168 666 1200 ut
693 1177 831 1201 eorum
857 1177 1018 1214 semper
1044 1163 1246 1214 exemplo,
1271 1166 1374 1203 sicut

189 1231 276 1279 ipse
320 1227 473 1271 scribit,
517 1226 570 1263 ad
613 1227 803 1263 orationis
848 1225 1052 1275 placidum
1105 1225 1216 1270 litus,
1260 1227 1374 1277 quasi

191 1288 388 1328 anchorae
418 1288 516 1326 fune
546 1289 874 1338 restringeretur,
905 1301 997 1325 cum
1027 1287 1253 1326 incessabili
1283 1301 1375 1326 cau-

190 1364 324 1390 sarum
341 1349 605 1389 saecularium
623 1348 797 1399 impulsu
815 1348 1045 1394 fluctuaret,
1062 1363 1375 1400 concussamque

191 1412 339 1452 saeculi
382 1412 538 1449 actibus
579 1415 762 1449 mentem
804 1412 912 1449 inter
954 1424 1022 1449 eos
1076 1411 1260 1461 quotidie
1302 1424 1376 1461 per

191 1475 396 1514 studiosae
444 1472 629 1511 lectionis
677 1473 886 1511 roboraret
935 1472 1167 1523 alloquium.
1221 1472 1376 1510 Horum

193 1550 289 1587 crgo
324 1536 524 1573 consortio
557 1548 637 1572 non
672 1533 801 1572 solum
836 1547 860 1571 a
893 1536 1065 1572 terrenis
1101 1538 1164 1572 est
1197 1536 1376 1572 munitus

192 1598 429 1641 incursibus,
453 1610 592 1635 verum
616 1598 741 1634 etiam
766 1596 818 1633 ad
841 1595 1026 1634 caelestis
1051 1597 1159 1634 vitae
1184 1597 1378 1634 exercitia

193 1661 322 1710 magis
344 1661 554 1709 magisque
577 1671 804 1696 succensus.

244 1720 350 1759 Nam
366 1720 518 1758 hortati
535 1724 630 1758 sunt
647 1733 755 1764 eum,
773 1723 819 1756 ut
834 1718 982 1756 librum
999 1719 1110 1759 beati
1130 1719 1203 1756 Iob
1220 1721 1377 1769 magnis

193 1782 418 1821 involutum
461 1782 787 1826 obscuritatibus,
828 1783 1001 1831 mystica
1041 1783 1377 1831 interpretatione

195 1845 438 1888 discuterem
489 1856 622 1893 neque
659 1856 810 1894 negare
847 1844 983 1892 potuit
1019 1855 1118 1892 opus
1156 1842 1266 1892 quod
1302 1843 1376 1880 sibi

240 1965 252 1984 ²
276 1964 320 1996 So
336 1963 444 1995 called
458 1962 543 2003 quod
559 1963 742 2004 ἀποκρίσεις
758 1973 815 1994 seu
830 1972 986 2003 responsa
998 1962 1194 2003 principum
1209 1961 1375 2004 deferrem,

194 2018 214 2038 a
230 2010 308 2048 post
323 2007 390 2038 like
406 2007 485 2038 that
500 2006 535 2038 of
550 2006 610 2038 the
625 2006 712 2038 later
727 2006 861 2042 nuncio,
878 2005 930 2038 Pl.

198 2064 267 2101 188
