1473 2322
452 157 564 195 THE
599 155 930 194 VENERABLE
964 155 1112 194 BEDE

191 258 409 303 Saxonum,
435 260 586 295 voeatis
613 257 665 295 ad
690 270 733 296 se
758 259 800 295 in
824 259 1092 295 ministerium
1118 257 1379 295 ordinationis

193 313 277 349 aliis
309 313 465 350 duobus
497 314 705 362 episcopis.
760 310 840 358 Qui
872 316 1039 361 accepto
1069 311 1198 361 gradu
1230 313 1380 360 episco-

194 372 310 415 patus
343 366 465 404 rediit
498 366 550 403 ad
582 367 842 416 provinciam,
875 371 919 403 et
951 367 1103 403 maiore
1137 367 1380 402 auctoritate

192 420 413 469 coeptuml
451 433 551 469 opus
590 419 771 469 explens,
809 419 908 456 fecit
944 432 1018 469 per
1053 418 1142 457 loca
1178 418 1380 463 ecclesias,

193 475 450 523 presbyteros
478 479 521 511 et
551 473 739 510 diaconos
769 473 984 518 ordinavit,
1014 475 1082 522 qui
1114 485 1158 510 se
1188 475 1228 510 in
1258 473 1381 510 verbo

192 528 285 565 fidei
323 532 366 565 et
402 529 625 564 ministerio
661 526 895 576 baptizandi
922 526 1175 570 adiuvarent,
1201 528 1378 564 maxime

192 585 231 618 in
281 583 446 618 civitate
497 594 601 631 quae
650 580 790 631 lingua
838 580 1044 618 Saxonum
1093 579 1380 618 Ythancaestir

193 634 433 685 appellatur,
448 635 520 672 sed
535 640 578 672 et
592 637 632 671 in
646 633 715 671 illa
729 647 833 684 quae
847 634 1040 684 Tilaburg
1053 635 1382 684 cognominatur:

193 703 361 740 quorum
376 691 484 738 prior
496 688 606 726 locus
621 694 684 726 est
698 691 738 725 in
754 691 841 738 ripa
856 687 1010 726 Pentae
1026 690 1168 735 amnis,
1182 688 1381 726 secundus

193 747 230 780 in
253 746 339 793 ripa
359 743 591 780 Tamensis:
626 744 667 779 in
689 743 834 792 quibus
855 741 1024 779 collecto
1035 743 1232 780 ‘effamine
1254 741 1382 779 famu-

190 797 319 834 lorum
335 796 497 841 Christi,
513 795 764 845 disciplinam
780 798 887 834 vitae
903 795 1112 846 regularis,
1127 798 1168 833 in
1183 801 1423 878 quantum-A

191 851 312 889 rudes
335 850 465 888 adhuc
488 863 633 900 capere
656 855 862 900 poterant,
884 849 1075 887 custodiri
1091 849 1107 873 2
1129 849 1280 887 docuit.

242 904 426 954 Cumque
446 909 630 953 tempore
651 917 730 940 non
750 916 879 953 pauco
898 905 939 940 in
960 903 1144 953 praefata
1164 904 1382 953 provincia,

193 959 398 1008 gaudente
425 971 536 1007 rege,
563 957 846 1007 congaudente
873 959 1057 995 universo
1083 956 1246 1007 populo,
1273 959 1381 994 vitae

193 1012 377 1050 caelestis
392 1014 596 1048 institutio
611 1011 891 1061 quotidianum
907 1016 1086 1049 sumeret
1101 1016 1381 1061 augmentum,

193 1068 364 1115 contigit
393 1068 524 1115 ipsum
555 1078 694 1115 regem
725 1067 946 1115 instigante
977 1067 1155 1102 omnium
1187 1066 1382 1102 bonorum

193 1123 367 1165 inimico,
384 1122 698 1169 propinquorum
717 1133 878 1156 suorum
897 1132 1018 1156 manu
1036 1118 1220 1156 interfici.
1255 1118 1383 1155 Erant

195 1180 331 1212 autem
349 1173 429 1211 duo
444 1175 625 1223 germani
642 1172 787 1211 fratres
803 1175 871 1223 qui
888 1172 963 1210 hoc
978 1172 1132 1210 facinus
1147 1178 1383 1222 patrarunt;

195 1230 263 1278 qui
301 1241 393 1265 cum
430 1229 779 1277 interrogarentur
817 1240 942 1277 quare
980 1225 1056 1264 hoc
1093 1226 1288 1271 facerent,
1327 1225 1382 1263 nil

196 1280 304 1319 aliud
336 1281 580 1331 respondere
613 1286 849 1331 potuerunt,
883 1282 957 1318 nisi
991 1281 1043 1318 ob
1076 1279 1151 1318 hoc
1184 1294 1227 1318 se
1260 1283 1382 1317 iratos

194 1336 316 1373 fuisse
336 1341 380 1373 et
398 1337 577 1372 inimicos
597 1337 698 1382 regi,
718 1335 827 1385 quod
845 1334 911 1372 ille
932 1336 1099 1372 nimium
1119 1336 1199 1372 suis
1218 1347 1382 1384 parcere

195 1389 343 1428 soleret
368 1391 550 1433 inimicis,
578 1394 621 1426 et
646 1388 774 1426 factas
801 1389 851 1425 ab
878 1390 934 1426 eis
961 1390 1122 1425 iniurias
1148 1402 1241 1425 mox
1268 1388 1383 1426 obse-

194 1444 398 1481 crantibus
415 1442 571 1493 placida
588 1448 728 1480 mente
745 1443 984 1481 dimitteret.
1037 1441 1144 1479 Talis
1162 1447 1250 1480 erat
1266 1441 1383 1492 eulpa

194 1500 300 1548 regis
318 1511 390 1547 pro
408 1510 489 1547 qua
506 1496 770 1542 occideretur,
788 1497 897 1546 quod
915 1495 1148 1546 evangelica
1165 1501 1381 1546 praecepta

195 1552 343 1590 devoto
374 1551 493 1589 corde
526 1556 727 1589 servaret:
772 1552 814 1587 in
847 1563 926 1600 qua
957 1555 1097 1588 tamen
1130 1552 1215 1588 eius
1251 1555 1382 1587 morte

193 1608 370 1650 innoxia,
384 1608 499 1642 iuxta
513 1605 766 1654 praedictum
781 1606 852 1641 viri
868 1604 963 1649 Dei,
978 1617 1072 1642 vera
1087 1609 1150 1642 est
1165 1606 1250 1642 eius
1265 1603 1382 1654 culpa

194 1663 349 1710 punita.
403 1658 616 1697 Habuerat
641 1661 749 1697 enim
775 1672 878 1696 unus
905 1671 955 1697 ex
981 1657 1056 1703 his,
1077 1660 1146 1708 qui
1170 1671 1264 1696 eum
1283 1660 1382 1696 occi-

329 1760 343 1780 ²
364 1760 433 1793 For
447 1764 591 1801 captum,
608 1759 661 1792 Pl.
891 1759 904 1779 ²
927 1759 995 1791 For
1009 1759 1182 1796 custodire,
1197 1759 1248 1791 Pl.

241 1860 255 1881 ²
277 1860 393 1893 Called
420 1861 560 1893 Othona.
586 1860 634 1902 by
660 1860 719 1892 the
746 1860 913 1896 Romans,
939 1859 976 1891 in
1002 1859 1062 1891 the
1087 1863 1215 1901 tongue
1241 1861 1277 1893 of
1301 1861 1383 1893 land

196 1905 347 1936 between
376 1904 434 1936 the
464 1903 680 1935 Blaekwater
706 1903 776 1935 and
804 1901 937 1935 Orouch
963 1902 1070 1935 rivers
1095 1902 1133 1934 in
1158 1903 1278 1942 Essex,
1306 1914 1383 1936 now

196 1947 247 1979 St.
263 1946 649 1978 Peter's-on·the-Wall.

239 1989 253 2008 ²
274 1989 428 2030 Tilbury.

240 2032 252 2051 ³
275 2032 366 2065 Pant
383 2042 420 2063 or
436 2031 662 2064 Blackwater.

197 2094 267 2141 438
