1473 2322
397 118 508 155 THE
545 118 875 156 VENERABLE
911 119 1058 157 BEDE

133 223 328 270 puniente
345 221 543 265 deterriti,
560 223 733 271 iungunt
749 234 840 258 cum
855 223 1089 271 parentibus
1105 236 1258 273 preceS,
1275 229 1317 262 et

132 276 380 311 curationem
393 273 583 323 parvulae
599 287 622 310 a
637 275 910 312 sacerdotibus
926 275 1216 325 deprecantur:
1249 279 1317 326 qui

131 326 341 363 inclinatos
380 329 513 364 animo
551 327 796 364 adversarios
834 330 1055 373 intuentes,
1093 331 1315 367 orationem

131 380 308 417 breviter
354 378 553 417 fundunt:
615 393 661 417 ac
707 381 854 419 deinde
903 381 1127 419 Germanus
1174 382 1316 432 plenus

132 432 282 482 Spiritu
332 438 484 477 sancto,
533 435 694 470 invocat
741 433 1004 478 Trinitatem3
1068 448 1143 473 nec
1190 449 1316 481 mora,

132 485 422 523 adhaerentem
436 485 552 524 lateri
570 499 642 523 suo
661 487 864 536 capsulam
877 500 967 524 cum
987 494 1214 525 sanctorum
1227 488 1316 526 reli-

132 541 234 588 quiis
260 538 360 576 collo
386 539 564 576 avulsam
589 541 773 577 manibus
799 540 1118 590 comprehendit,
1144 555 1315 592 eamque

130 594 171 629 in
198 598 415 642 conspectu
435 595 613 629 omnium
639 593 798 642 puellae
819 594 940 630 oculis
967 594 1195 643 adplicavit,
1216 608 1315 645 quos

130 648 270 682 statim
299 651 512 683 evacuatos
541 648 719 683 tenebris
747 646 883 684 lumen
913 650 1093 685 veritatis
1118 648 1312 698 implevit.

130 698 329 736 Exultant
349 704 553 748 parentes,
574 700 809 737 miraculum
830 700 999 750 populus
1021 703 1314 739 contremiscit:

129 757 221 801 post
243 765 364 802 quam
386 752 493 790 diem
514 755 572 789 ita
594 766 643 790 ex
666 755 807 790 animis
828 756 1006 790 omnium
1027 756 1157 791 suasio
1178 757 1315 804 iniqua

130 804 267 842 deleta
311 810 386 849 est,
430 811 477 842 ut
520 806 774 843 sacerdotum
818 807 1042 844 doctrinam
1085 809 1314 845 sitientibus

130 858 336 895 desideriis
355 864 619 896 sectarentur.

181 911 417 960 Compressa
440 914 579 962 itaque
602 915 868 962 perversitate
891 913 1123 958 damnabili,
1146 916 1313 964 eiusque

130 965 358 1002 auctoribus
395 964 627 1010 confutatis,
665 971 789 1016 atque
827 968 967 1004 animis
1005 970 1182 1004 omnium
1220 967 1313 1005 fidei

128 1020 307 1066 puritate
349 1021 592 1068 compositis,
632 1020 861 1057 sacerdotes
902 1021 1069 1058 beatum
1110 1020 1313 1058 Albanum

128 1077 363 1121 martyrem,
388 1074 514 1109 acturi
540 1072 630 1110 Deo
654 1086 726 1122 per
749 1075 880 1123 ipsum
904 1076 1068 1124 gratias,
1093 1076 1313 1124 petierunt,

128 1125 195 1161 ubi
222 1125 447 1162 Germanus
472 1128 650 1162 omnium
676 1126 961 1175 apostolorum,
985 1128 1312 1178 diversorumque

128 1183 352 1228 martyrum
388 1192 525 1216 secum
560 1179 747 1229 reliquias
784 1179 951 1224 habens,
987 1179 1096 1218 facta
1131 1183 1312 1219 oratione

129 1233 245 1268 iussit
283 1231 420 1270 revelli
460 1232 700 1281 sepulcrum,
740 1235 916 1282 pretiosa
955 1234 1106 1271 ibidem
1145 1247 1314 1272 munera

126 1284 381 1328 conditurus3
448 1286 645 1322 arbitrans
697 1292 981 1336 opportunum,
1033 1292 1080 1324 ut
1129 1288 1312 1325 membra

128 1343 357 1374 sanctorum
378 1351 427 1375 ex
447 1338 611 1376 diversis
630 1340 859 1389 regionibus
878 1339 1059 1385 collecta,
1079 1353 1177 1390 quos
1195 1354 1312 1391 pares

126 1393 280 1428 meritis
324 1397 535 1441 receperat
578 1392 747 1436 caelum,
777 1393 947 1442 sepulcri
991 1406 1151 1443 quoque
1197 1396 1312 1431 unius

126 1449 288 1482 teneret
341 1444 572 1494 hospitium.
627 1445 781 1492 Quibus
836 1447 1028 1496 depositis
1083 1446 1311 1491 honorifice,

126 1503 250 1547 atque
268 1500 441 1542 sociatis,
459 1499 510 1536 de
527 1498 612 1536 loco
630 1501 730 1549 ipso,
748 1500 816 1536 ubi
832 1500 943 1537 beati
960 1502 1147 1550 martyris
1165 1499 1311 1538 effusus

126 1557 214 1588 erat
255 1554 430 1601 sanguis,
471 1565 644 1589 massam
686 1552 859 1602 pulveris
901 1566 1037 1590 secum
1078 1559 1310 1603 portaturus

126 1603 306 1648 abstulit,
332 1607 372 1642 in
399 1618 478 1654 qua
504 1606 741 1655 apparebat,
767 1619 905 1644 cruore
931 1611 1104 1651 servato,
1129 1607 1310 1644 rubuisse

126 1662 347 1707 martyrum
391 1658 535 1695 aedem
551 1659 565 1682 1
609 1665 866 1708 persecutore
909 1659 1100 1709 pallente.
1155 1659 1310 1706 Quibus

549 1763 561 1782 1
585 1762 652 1793 For
668 1762 806 1800 caedem,
823 1763 875 1795 Pl.

171 1869 184 1888 ²
208 1869 261 1901 πλε.
278 1869 418 1910 budget,
436 1880 457 1900 a
472 1869 539 1911 bag
555 1870 690 1911 usually
706 1871 742 1902 of
756 1870 896 1902 leather.

171 1911 184 1930 ²
208 1912 279 1944 The
296 1913 377 1944 dust
395 1913 430 1944 of
447 1912 506 1944 the
524 1917 656 1953 martyr
673 1913 743 1944 still
768 1913 868 1954 keeps
886 1913 945 1944 the
963 1912 1021 1944 red
1039 1913 1076 1945 of
1092 1913 1150 1945 life
1167 1913 1234 1952 (for
1249 1913 1310 1945 tho

125 1953 280 2029 3323.ss
300 1955 359 1988 the
377 1955 447 1994 life,
468 1955 549 1988 Lev.
572 1956 624 1990 17.
648 1957 701 1995 14)
722 1955 820 1989 while
840 1956 898 1988 the
918 1960 1114 1998 persecutor
1130 1956 1159 1990 is
1179 1956 1255 2000 pale
1274 1958 1308 1988 in

126 2054 173 2102 84
