<?xml version="1.0" encoding="UTF-8"?>
<!DOCTYPE html PUBLIC "-//W3C//DTD XHTML 1.0 Transitional//EN"
    "http://www.w3.org/TR/xhtml1/DTD/xhtml1-transitional.dtd">
<html xmlns="http://www.w3.org/1999/xhtml" xml:lang="en" lang="en">
 <head>
  <title>
</title>
<meta http-equiv="Content-Type" content="text/html;charset=utf-8" />
  <meta name='ocr-system' content='tesseract 3.04.00' />
  <meta name='ocr-capabilities' content='ocr_page ocr_carea ocr_par ocr_line ocrx_word'/>
</head>
<body>
  <div class='ocr_page' id='page_1' title='image "./operahistorica01bedeuoft_0302.png"; bbox 0 0 1473 2322; ppageno 0'>
   <div class='ocr_carea' id='block_1_1' title="bbox 415 161 1087 200">
    <p class='ocr_par' dir='ltr' id='par_1_1' title="bbox 415 161 1087 200">
     <span class='ocr_line' id='line_1_1' title="bbox 415 161 1087 200; baseline -0.001 0"><span class='ocrx_word' id='word_1_1' title='bbox 415 163 528 200; x_wconf 89' lang='lat' dir='ltr'>THE</span> <span class='ocrx_word' id='word_1_2' title='bbox 568 162 901 200; x_wconf 88' lang='lat' dir='ltr'>VENERABLE</span> <span class='ocrx_word' id='word_1_3' title='bbox 939 161 1087 200; x_wconf 88' lang='lat' dir='ltr'>BEDE</span> 
     </span>
    </p>
   </div>
   <div class='ocr_carea' id='block_1_2' title="bbox 150 263 1347 1909">
    <p class='ocr_par' dir='ltr' id='par_1_2' title="bbox 150 263 1340 374">
     <span class='ocr_line' id='line_1_2' title="bbox 150 263 1340 315; baseline -0.003 -13"><span class='ocrx_word' id='word_1_4' title='bbox 150 268 223 315; x_wconf 86' lang='lat' dir='ltr'>ipsi</span> <span class='ocrx_word' id='word_1_5' title='bbox 240 267 459 315; x_wconf 82' lang='lat' dir='ltr'>imaginem</span> <span class='ocrx_word' id='word_1_6' title='bbox 477 267 650 315; x_wconf 89' lang='lat' dir='ltr'>corporis</span> <span class='ocrx_word' id='word_1_7' title='bbox 667 265 903 308; x_wconf 81' lang='lat' dir='ltr'>tradidistis,</span> <span class='ocrx_word' id='word_1_8' title='bbox 920 263 1098 302; x_wconf 90' lang='lat' dir='ltr'>colentes</span> <span class='ocrx_word' id='word_1_9' title='bbox 1114 264 1340 313; x_wconf 74' lang='lat' dir='ltr'>sequimini,</span> 
     </span>
     <span class='ocr_line' id='line_1_3' title="bbox 150 325 1042 374; baseline 0 -14"><span class='ocrx_word' id='word_1_10' title='bbox 150 325 295 362; x_wconf 89' lang='lat' dir='ltr'>iudicio</span> <span class='ocrx_word' id='word_1_11' title='bbox 320 325 492 362; x_wconf 88' lang='lat' dir='ltr'>discreto</span> <span class='ocrx_word' id='word_1_12' title='bbox 516 326 693 374; x_wconf 88' lang='lat' dir='ltr'>reperire</span> <span class='ocrx_word' id='word_1_13' title='bbox 716 337 796 361; x_wconf 91' lang='lat' dir='ltr'>non</span> <span class='ocrx_word' id='word_1_14' title='bbox 820 337 1042 373; x_wconf 88' lang='lat' dir='ltr'>possumus.</span> 
     </span>
    </p>

    <p class='ocr_par' dir='ltr' id='par_1_3' title="bbox 151 381 1347 1732">
     <span class='ocr_line' id='line_1_4' title="bbox 202 381 1341 432; baseline -0.001 -13"><span class='ocrx_word' id='word_1_15' title='bbox 202 381 224 395; x_wconf 76' lang='lat'>‘¹</span> <span class='ocrx_word' id='word_1_16' title='bbox 245 381 365 420; x_wconf 83' lang='lat' dir='ltr'><strong>Unde</strong></span> <span class='ocrx_word' id='word_1_17' title='bbox 387 386 549 432; x_wconf 77' lang='lat' dir='ltr'>oportet</span> <span class='ocrx_word' id='word_1_18' title='bbox 570 395 653 426; x_wconf 85' lang='lat' dir='ltr'>vos,</span> <span class='ocrx_word' id='word_1_19' title='bbox 673 386 860 431; x_wconf 88' lang='lat' dir='ltr'>suscepto</span> <span class='ocrx_word' id='word_1_20' title='bbox 882 383 995 432; x_wconf 86' lang='lat' dir='ltr'>signo</span> <span class='ocrx_word' id='word_1_21' title='bbox 1016 385 1180 419; x_wconf 83' lang='lat' dir='ltr'>sanctae</span> <span class='ocrx_word' id='word_1_22' title='bbox 1202 382 1341 424; x_wconf 86' lang='lat' dir='ltr'>crucis,</span> 
     </span>
     <span class='ocr_line' id='line_1_5' title="bbox 151 440 1340 491; baseline -0.003 -13"><span class='ocrx_word' id='word_1_23' title='bbox 151 454 223 490; x_wconf 87' lang='lat' dir='ltr'>per</span> <span class='ocrx_word' id='word_1_24' title='bbox 246 441 354 491; x_wconf 92' lang='lat' dir='ltr'>quod</span> <span class='ocrx_word' id='word_1_25' title='bbox 376 440 597 478; x_wconf 91' lang='lat' dir='ltr'>humanum</span> <span class='ocrx_word' id='word_1_26' title='bbox 620 454 747 491; x_wconf 91' lang='lat' dir='ltr'>genus</span> <span class='ocrx_word' id='word_1_27' title='bbox 771 440 1030 490; x_wconf 88' lang='lat' dir='ltr'>redemptum</span> <span class='ocrx_word' id='word_1_28' title='bbox 1053 444 1129 484; x_wconf 84' lang='lat' dir='ltr'>est,</span> <span class='ocrx_word' id='word_1_29' title='bbox 1153 452 1340 477; x_wconf 83' lang='lat' dir='ltr'>execran-</span> 
     </span>
     <span class='ocr_line' id='line_1_6' title="bbox 152 499 1342 549; baseline -0.003 -12"><span class='ocrx_word' id='word_1_30' title='bbox 152 500 246 537; x_wconf 85' lang='lat' dir='ltr'>dam</span> <span class='ocrx_word' id='word_1_31' title='bbox 300 500 521 538; x_wconf 83' lang='lat' dir='ltr'>diabolicae</span> <span class='ocrx_word' id='word_1_32' title='bbox 577 502 778 538; x_wconf 77' lang='lat' dir='ltr'><strong>versutiae</strong></span> <span class='ocrx_word' id='word_1_33' title='bbox 832 499 1218 549; x_wconf 74' lang='lat' dir='ltr'>subplantationem,</span> <span class='ocrx_word' id='word_1_34' title='bbox 1273 499 1342 549; x_wconf 93' lang='lat' dir='ltr'>qui</span> 
     </span>
     <span class='ocr_line' id='line_1_7' title="bbox 152 557 1344 608; baseline -0.002 -12"><span class='ocrx_word' id='word_1_35' title='bbox 152 559 310 597; x_wconf 83' lang='lat' dir='ltr'>divinae</span> <span class='ocrx_word' id='word_1_36' title='bbox 338 560 532 597; x_wconf 86' lang='lat' dir='ltr'>bonitatis</span> <span class='ocrx_word' id='word_1_37' title='bbox 561 559 748 608; x_wconf 87' lang='lat' dir='ltr'>operibus</span> <span class='ocrx_word' id='word_1_38' title='bbox 776 558 933 596; x_wconf 88' lang='lat' dir='ltr'>invidus</span> <span class='ocrx_word' id='word_1_39' title='bbox 962 557 1224 608; x_wconf 81' lang='lat' dir='ltr'>aemulusque</span> <span class='ocrx_word' id='word_1_40' title='bbox 1252 570 1344 594; x_wconf 89' lang='lat' dir='ltr'>con-</span> 
     </span>
     <span class='ocr_line' id='line_1_8' title="bbox 151 617 1342 666; baseline -0.001 -11"><span class='ocrx_word' id='word_1_41' title='bbox 151 620 271 662; x_wconf 88' lang='lat' dir='ltr'>sistit,</span> <span class='ocrx_word' id='word_1_42' title='bbox 294 631 317 654; x_wconf 90' lang='lat' dir='ltr'>a</span> <span class='ocrx_word' id='word_1_43' title='bbox 338 618 522 655; x_wconf 81' lang='lat' dir='ltr'>cordibus</span> <span class='ocrx_word' id='word_1_44' title='bbox 545 619 686 656; x_wconf 80' lang='lat' dir='ltr'>vestris</span> <span class='ocrx_word' id='word_1_45' title='bbox 709 618 881 661; x_wconf 89' lang='lat' dir='ltr'>abicere,</span> <span class='ocrx_word' id='word_1_46' title='bbox 901 618 1138 666; x_wconf 84' lang='lat' dir='ltr'>iniectisque</span> <span class='ocrx_word' id='word_1_47' title='bbox 1160 617 1342 654; x_wconf 86' lang='lat' dir='ltr'>manibus</span> 
     </span>
     <span class='ocr_line' id='line_1_9' title="bbox 152 675 1342 726; baseline 0 -14"><span class='ocrx_word' id='word_1_48' title='bbox 152 676 237 721; x_wconf 89' lang='lat' dir='ltr'>hos,</span> <span class='ocrx_word' id='word_1_49' title='bbox 277 689 376 726; x_wconf 88' lang='lat' dir='ltr'>quos</span> <span class='ocrx_word' id='word_1_50' title='bbox 416 681 585 714; x_wconf 90' lang='lat' dir='ltr'>eatenus</span> <span class='ocrx_word' id='word_1_51' title='bbox 625 678 821 713; x_wconf 88' lang='lat' dir='ltr'>materiae</span> <span class='ocrx_word' id='word_1_52' title='bbox 861 689 1056 726; x_wconf 84' lang='lat' dir='ltr'>compage</span> <span class='ocrx_word' id='word_1_53' title='bbox 1096 676 1207 713; x_wconf 86' lang='lat' dir='ltr'>vobis</span> <span class='ocrx_word' id='word_1_54' title='bbox 1247 675 1342 713; x_wconf 90' lang='lat' dir='ltr'>deos</span> 
     </span>
     <span class='ocr_line' id='line_1_10' title="bbox 152 735 1344 786; baseline -0.002 -13"><span class='ocrx_word' id='word_1_55' title='bbox 152 737 391 780; x_wconf 78' lang='lat' dir='ltr'>fabricastis,</span> <span class='ocrx_word' id='word_1_56' title='bbox 427 736 736 786; x_wconf 80' lang='lat' dir='ltr'>confringendos</span> <span class='ocrx_word' id='word_1_57' title='bbox 773 735 1135 784; x_wconf 84' lang='lat' dir='ltr'>diminuendosque</span> <span class='ocrx_word' id='word_1_58' title='bbox 1171 747 1344 773; x_wconf 91' lang='lat' dir='ltr'>summo-</span> 
     </span>
     <span class='ocr_line' id='line_1_11' title="bbox 152 793 1345 845; baseline -0.002 -13"><span class='ocrx_word' id='word_1_59' title='bbox 152 808 248 845; x_wconf 83' lang='lat' dir='ltr'>pere</span> <span class='ocrx_word' id='word_1_60' title='bbox 270 798 496 844; x_wconf 88' lang='lat' dir='ltr'>procurate.</span> <span class='ocrx_word' id='word_1_61' title='bbox 552 793 646 844; x_wconf 88' lang='lat' dir='ltr'>Ipsa</span> <span class='ocrx_word' id='word_1_62' title='bbox 667 796 775 832; x_wconf 90' lang='lat' dir='ltr'>enim</span> <span class='ocrx_word' id='word_1_63' title='bbox 797 807 935 831; x_wconf 89' lang='lat' dir='ltr'>eorum</span> <span class='ocrx_word' id='word_1_64' title='bbox 957 793 1164 831; x_wconf 80' lang='lat' dir='ltr'>dissolutio</span> <span class='ocrx_word' id='word_1_65' title='bbox 1185 806 1345 843; x_wconf 90' lang='lat' dir='ltr'>corrup-</span> 
     </span>
     <span class='ocr_line' id='line_1_12' title="bbox 153 852 1344 903; baseline -0.001 -14"><span class='ocrx_word' id='word_1_66' title='bbox 153 855 305 903; x_wconf 85' lang='lat' dir='ltr'>tioque,</span> <span class='ocrx_word' id='word_1_67' title='bbox 322 866 426 902; x_wconf 88' lang='lat' dir='ltr'>quae</span> <span class='ocrx_word' id='word_1_68' title='bbox 441 865 649 902; x_wconf 90' lang='lat' dir='ltr'>nunquam</span> <span class='ocrx_word' id='word_1_69' title='bbox 664 855 869 890; x_wconf 81' lang='lat' dir='ltr'>viventem</span> <span class='ocrx_word' id='word_1_70' title='bbox 884 854 1069 902; x_wconf 87' lang='lat' dir='ltr'>spiritum</span> <span class='ocrx_word' id='word_1_71' title='bbox 1084 852 1344 896; x_wconf 77' lang='lat' dir='ltr'>habuerunt,1</span> 
     </span>
     <span class='ocr_line' id='line_1_13' title="bbox 153 911 1345 962; baseline -0.001 -13"><span class='ocrx_word' id='word_1_72' title='bbox 153 925 226 950; x_wconf 87' lang='lat' dir='ltr'>nec</span> <span class='ocrx_word' id='word_1_73' title='bbox 270 911 581 950; x_wconf 84' lang='lat' dir='ltr'>sensibilitatem</span> <span class='ocrx_word' id='word_1_74' title='bbox 628 925 652 948; x_wconf 90' lang='lat' dir='ltr'>a</span> <span class='ocrx_word' id='word_1_75' title='bbox 696 914 777 950; x_wconf 88' lang='lat' dir='ltr'>suis</span> <span class='ocrx_word' id='word_1_76' title='bbox 824 911 1043 950; x_wconf 85' lang='lat' dir='ltr'>factoribus</span> <span class='ocrx_word' id='word_1_77' title='bbox 1090 911 1345 962; x_wconf 82' lang='lat' dir='ltr'>potuerunt2</span> 
     </span>
     <span class='ocr_line' id='line_1_14' title="bbox 154 970 1345 1022; baseline -0.002 -13"><span class='ocrx_word' id='word_1_78' title='bbox 154 970 335 1022; x_wconf 89' lang='lat' dir='ltr'>quolibet</span> <span class='ocrx_word' id='word_1_79' title='bbox 372 971 492 1008; x_wconf 93' lang='lat' dir='ltr'>modo</span> <span class='ocrx_word' id='word_1_80' title='bbox 531 972 748 1020; x_wconf 88' lang='lat' dir='ltr'>suscipere,</span> <span class='ocrx_word' id='word_1_81' title='bbox 788 971 898 1009; x_wconf 89' lang='lat' dir='ltr'>vobis</span> <span class='ocrx_word' id='word_1_82' title='bbox 937 975 1130 1021; x_wconf 86' lang='lat' dir='ltr'>patenter</span> <span class='ocrx_word' id='word_1_83' title='bbox 1168 973 1345 1009; x_wconf 86' lang='lat' dir='ltr'>insinuet</span> 
     </span>
     <span class='ocr_line' id='line_1_15' title="bbox 153 1029 1345 1082; baseline 0 -14"><span class='ocrx_word' id='word_1_84' title='bbox 153 1044 275 1082; x_wconf 85' lang='lat' dir='ltr'>quam</span> <span class='ocrx_word' id='word_1_85' title='bbox 301 1030 399 1068; x_wconf 90' lang='lat' dir='ltr'>nihil</span> <span class='ocrx_word' id='word_1_86' title='bbox 427 1035 515 1069; x_wconf 90' lang='lat' dir='ltr'>erat</span> <span class='ocrx_word' id='word_1_87' title='bbox 543 1031 651 1081; x_wconf 89' lang='lat' dir='ltr'>quod</span> <span class='ocrx_word' id='word_1_88' title='bbox 678 1035 848 1068; x_wconf 87' lang='lat' dir='ltr'>eatenus</span> <span class='ocrx_word' id='word_1_89' title='bbox 875 1029 1092 1068; x_wconf 84' lang='lat' dir='ltr'>colebatis:</span> <span class='ocrx_word' id='word_1_90' title='bbox 1134 1029 1231 1067; x_wconf 92' lang='lat' dir='ltr'>dum</span> <span class='ocrx_word' id='word_1_91' title='bbox 1257 1043 1345 1080; x_wconf 86' lang='lat' dir='ltr'>pro-</span> 
     </span>
     <span class='ocr_line' id='line_1_16' title="bbox 154 1089 1345 1140; baseline -0.002 -12"><span class='ocrx_word' id='word_1_92' title='bbox 154 1091 260 1129; x_wconf 89' lang='lat' dir='ltr'>fecto</span> <span class='ocrx_word' id='word_1_93' title='bbox 286 1089 470 1128; x_wconf 89' lang='lat' dir='ltr'>meliores</span> <span class='ocrx_word' id='word_1_94' title='bbox 496 1103 564 1128; x_wconf 89' lang='lat' dir='ltr'>vos</span> <span class='ocrx_word' id='word_1_95' title='bbox 590 1091 658 1140; x_wconf 89' lang='lat' dir='ltr'>qui</span> <span class='ocrx_word' id='word_1_96' title='bbox 683 1091 869 1140; x_wconf 86' lang='lat' dir='ltr'>spiritum</span> <span class='ocrx_word' id='word_1_97' title='bbox 893 1092 1098 1127; x_wconf 81' lang='lat' dir='ltr'>viventem</span> <span class='ocrx_word' id='word_1_98' title='bbox 1123 1102 1146 1126; x_wconf 89' lang='lat' dir='ltr'>a</span> <span class='ocrx_word' id='word_1_99' title='bbox 1171 1089 1345 1127; x_wconf 91' lang='lat' dir='ltr'>Domino</span> 
     </span>
     <span class='ocr_line' id='line_1_17' title="bbox 153 1148 1346 1201; baseline -0.002 -12"><span class='ocrx_word' id='word_1_100' title='bbox 153 1151 403 1201; x_wconf 86' lang='lat' dir='ltr'>percepistis,</span> <span class='ocrx_word' id='word_1_101' title='bbox 433 1163 571 1187; x_wconf 91' lang='lat' dir='ltr'>eorum</span> <span class='ocrx_word' id='word_1_102' title='bbox 600 1148 930 1187; x_wconf 79' lang='lat' dir='ltr'>constructione3</span> <span class='ocrx_word' id='word_1_103' title='bbox 959 1148 1214 1187; x_wconf 85' lang='lat' dir='ltr'>nihilominus</span> <span class='ocrx_word' id='word_1_104' title='bbox 1244 1150 1346 1187; x_wconf 86' lang='lat' dir='ltr'>exis-</span> 
     </span>
     <span class='ocr_line' id='line_1_18' title="bbox 154 1208 1346 1258; baseline -0.001 -13"><span class='ocrx_word' id='word_1_105' title='bbox 154 1211 273 1247; x_wconf 86' lang='lat' dir='ltr'>tatis:</span> <span class='ocrx_word' id='word_1_106' title='bbox 333 1211 482 1258; x_wconf 90' lang='lat' dir='ltr'>quippe</span> <span class='ocrx_word' id='word_1_107' title='bbox 528 1221 626 1258; x_wconf 91' lang='lat' dir='ltr'>quos</span> <span class='ocrx_word' id='word_1_108' title='bbox 672 1208 786 1246; x_wconf 88' lang='lat' dir='ltr'>Deus</span> <span class='ocrx_word' id='word_1_109' title='bbox 831 1209 1086 1258; x_wconf 89' lang='lat' dir='ltr'>omnipotens</span> <span class='ocrx_word' id='word_1_110' title='bbox 1133 1221 1183 1246; x_wconf 83' lang='lat' dir='ltr'>ex</span> <span class='ocrx_word' id='word_1_111' title='bbox 1227 1209 1346 1258; x_wconf 87' lang='lat' dir='ltr'>primi</span> 
     </span>
     <span class='ocr_line' id='line_1_19' title="bbox 154 1265 1347 1317; baseline -0.002 -13"><span class='ocrx_word' id='word_1_112' title='bbox 154 1267 323 1305; x_wconf 86' lang='lat' dir='ltr'>hominis</span> <span class='ocrx_word' id='word_1_113' title='bbox 359 1280 482 1317; x_wconf 90' lang='lat' dir='ltr'>quem</span> <span class='ocrx_word' id='word_1_114' title='bbox 515 1266 729 1316; x_wconf 86' lang='lat' dir='ltr'>plasmavit</span> <span class='ocrx_word' id='word_1_115' title='bbox 763 1268 1020 1316; x_wconf 86' lang='lat' dir='ltr'>cognatione,</span> <span class='ocrx_word' id='word_1_116' title='bbox 1054 1265 1239 1304; x_wconf 88' lang='lat' dir='ltr'>deductis</span> <span class='ocrx_word' id='word_1_117' title='bbox 1273 1279 1347 1316; x_wconf 86' lang='lat' dir='ltr'>per</span> 
     </span>
     <span class='ocr_line' id='line_1_20' title="bbox 153 1324 1347 1375; baseline -0.003 -11"><span class='ocrx_word' id='word_1_118' title='bbox 153 1325 314 1364; x_wconf 88' lang='lat' dir='ltr'>saecula</span> <span class='ocrx_word' id='word_1_119' title='bbox 338 1324 695 1363; x_wconf 88' lang='lat' dir='ltr'>innumerabilibus</span> <span class='ocrx_word' id='word_1_120' title='bbox 720 1325 1007 1375; x_wconf 86' lang='lat' dir='ltr'>propaginibus</span> <span class='ocrx_word' id='word_1_121' title='bbox 1033 1324 1229 1374; x_wconf 87' lang='lat' dir='ltr'>pullulare</span> <span class='ocrx_word' id='word_1_122' title='bbox 1255 1337 1347 1362; x_wconf 87' lang='lat' dir='ltr'>con-</span> 
     </span>
     <span class='ocr_line' id='line_1_21' title="bbox 154 1383 1345 1433; baseline 0 -12"><span class='ocrx_word' id='word_1_123' title='bbox 154 1386 300 1422; x_wconf 86' lang='lat' dir='ltr'>stituit.</span> <span class='ocrx_word' id='word_1_124' title='bbox 355 1383 550 1421; x_wconf 82' lang='lat' dir='ltr'>Accedjte</span> <span class='ocrx_word' id='word_1_125' title='bbox 581 1396 677 1433; x_wconf 88' lang='lat' dir='ltr'>ergo</span> <span class='ocrx_word' id='word_1_126' title='bbox 707 1383 759 1420; x_wconf 88' lang='lat' dir='ltr'>ad</span> <span class='ocrx_word' id='word_1_127' title='bbox 788 1385 1037 1433; x_wconf 84' lang='lat' dir='ltr'>agnitionem</span> <span class='ocrx_word' id='word_1_128' title='bbox 1067 1385 1151 1421; x_wconf 87' lang='lat' dir='ltr'>eius</span> <span class='ocrx_word' id='word_1_129' title='bbox 1181 1385 1249 1433; x_wconf 88' lang='lat' dir='ltr'>qui</span> <span class='ocrx_word' id='word_1_130' title='bbox 1278 1396 1345 1421; x_wconf 89' lang='lat' dir='ltr'>vos</span> 
     </span>
     <span class='ocr_line' id='line_1_22' title="bbox 154 1441 1346 1493; baseline -0.002 -12"><span class='ocrx_word' id='word_1_131' title='bbox 154 1445 318 1488; x_wconf 84' lang='lat' dir='ltr'>creavit,</span> <span class='ocrx_word' id='word_1_132' title='bbox 350 1445 418 1493; x_wconf 86' lang='lat' dir='ltr'>qui</span> <span class='ocrx_word' id='word_1_133' title='bbox 448 1444 490 1479; x_wconf 91' lang='lat' dir='ltr'>in</span> <span class='ocrx_word' id='word_1_134' title='bbox 520 1443 631 1480; x_wconf 84' lang='lat' dir='ltr'>vobis</span> <span class='ocrx_word' id='word_1_135' title='bbox 663 1444 771 1480; x_wconf 89' lang='lat' dir='ltr'>vitae</span> <span class='ocrx_word' id='word_1_136' title='bbox 802 1441 1018 1480; x_wconf 85' lang='lat' dir='ltr'>insufflavit</span> <span class='ocrx_word' id='word_1_137' title='bbox 1048 1443 1247 1492; x_wconf 86' lang='lat' dir='ltr'>spiritum,</span> <span class='ocrx_word' id='word_1_138' title='bbox 1278 1444 1346 1492; x_wconf 87' lang='lat' dir='ltr'>qui</span> 
     </span>
     <span class='ocr_line' id='line_1_23' title="bbox 154 1501 1345 1553; baseline -0.002 -13"><span class='ocrx_word' id='word_1_139' title='bbox 154 1516 225 1553; x_wconf 89' lang='lat' dir='ltr'>pro</span> <span class='ocrx_word' id='word_1_140' title='bbox 263 1507 398 1541; x_wconf 85' lang='lat' dir='ltr'>vestra</span> <span class='ocrx_word' id='word_1_141' title='bbox 434 1502 716 1552; x_wconf 87' lang='lat' dir='ltr'>redemptione</span> <span class='ocrx_word' id='word_1_142' title='bbox 755 1501 900 1538; x_wconf 88' lang='lat' dir='ltr'>Filium</span> <span class='ocrx_word' id='word_1_143' title='bbox 937 1514 1054 1539; x_wconf 91' lang='lat' dir='ltr'>suum</span> <span class='ocrx_word' id='word_1_144' title='bbox 1091 1503 1345 1551; x_wconf 88' lang='lat' dir='ltr'>unigenitum</span> 
     </span>
     <span class='ocr_line' id='line_1_24' title="bbox 155 1561 1345 1612; baseline -0.002 -11"><span class='ocrx_word' id='word_1_145' title='bbox 155 1565 277 1607; x_wconf 78' lang='lat' dir='ltr'>misit,</span> <span class='ocrx_word' id='word_1_146' title='bbox 298 1566 344 1599; x_wconf 89' lang='lat' dir='ltr'>ut</span> <span class='ocrx_word' id='word_1_147' title='bbox 363 1575 431 1600; x_wconf 86' lang='lat' dir='ltr'>vos</span> <span class='ocrx_word' id='word_1_148' title='bbox 453 1562 503 1599; x_wconf 93' lang='lat' dir='ltr'>ab</span> <span class='ocrx_word' id='word_1_149' title='bbox 524 1561 705 1612; x_wconf 86' lang='lat' dir='ltr'>originali</span> <span class='ocrx_word' id='word_1_150' title='bbox 725 1565 893 1610; x_wconf 87' lang='lat' dir='ltr'>peccato</span> <span class='ocrx_word' id='word_1_151' title='bbox 914 1562 1103 1610; x_wconf 85' lang='lat' dir='ltr'>eriperet,</span> <span class='ocrx_word' id='word_1_152' title='bbox 1124 1565 1167 1598; x_wconf 92' lang='lat' dir='ltr'>et</span> <span class='ocrx_word' id='word_1_153' title='bbox 1187 1564 1345 1610; x_wconf 88' lang='lat' dir='ltr'>ereptos</span> 
     </span>
     <span class='ocr_line' id='line_1_25' title="bbox 155 1620 1344 1673; baseline -0.003 -12"><span class='ocrx_word' id='word_1_154' title='bbox 155 1623 206 1661; x_wconf 90' lang='lat' dir='ltr'>de</span> <span class='ocrx_word' id='word_1_155' title='bbox 228 1626 436 1673; x_wconf 85' lang='lat' dir='ltr'>potestate</span> <span class='ocrx_word' id='word_1_156' title='bbox 459 1624 666 1672; x_wconf 90' lang='lat' dir='ltr'>nequitiae</span> <span class='ocrx_word' id='word_1_157' title='bbox 689 1620 910 1659; x_wconf 89' lang='lat' dir='ltr'>diabolicae</span> <span class='ocrx_word' id='word_1_158' title='bbox 932 1622 1142 1671; x_wconf 86' lang='lat' dir='ltr'>pravitatis</span> <span class='ocrx_word' id='word_1_159' title='bbox 1166 1620 1344 1659; x_wconf 87' lang='lat' dir='ltr'>coelesti-</span> 
     </span>
     <span class='ocr_line' id='line_1_26' title="bbox 155 1683 706 1732; baseline -0.005 -12"><span class='ocrx_word' id='word_1_160' title='bbox 155 1683 229 1720; x_wconf 91' lang='lat' dir='ltr'>bus</span> <span class='ocrx_word' id='word_1_161' title='bbox 251 1683 438 1732; x_wconf 87' lang='lat' dir='ltr'>praemiis</span> <span class='ocrx_word' id='word_1_162' title='bbox 460 1685 706 1719; x_wconf 88' lang='lat' dir='ltr'>muneraret.</span> 
     </span>
    </p>

    <p class='ocr_par' dir='ltr' id='par_1_4' title="bbox 157 1738 1346 1909">
     <span class='ocr_line' id='line_1_27' title="bbox 207 1738 1346 1790; baseline -0.003 -11"><span class='ocrx_word' id='word_1_163' title='bbox 207 1740 229 1754; x_wconf 88' lang='lat'><strong>“</strong></span> <span class='ocrx_word' id='word_1_164' title='bbox 249 1740 448 1790; x_wconf 86' lang='lat' dir='ltr'>Suscipite</span> <span class='ocrx_word' id='word_1_165' title='bbox 486 1741 609 1778; x_wconf 83' lang='lat' dir='ltr'>verba</span> <span class='ocrx_word' id='word_1_166' title='bbox 645 1739 983 1790; x_wconf 87' lang='lat' dir='ltr'>praedicatorum,</span> <span class='ocrx_word' id='word_1_167' title='bbox 1013 1743 1057 1777; x_wconf 87' lang='lat' dir='ltr'>et</span> <span class='ocrx_word' id='word_1_168' title='bbox 1093 1738 1346 1789; x_wconf 88' lang='lat' dir='ltr'>evangelium</span> 
     </span>
     <span class='ocr_line' id='line_1_28' title="bbox 157 1798 1346 1850; baseline -0.001 -12"><span class='ocrx_word' id='word_1_169' title='bbox 157 1800 237 1838; x_wconf 88' lang='lat' dir='ltr'>Dei</span> <span class='ocrx_word' id='word_1_170' title='bbox 274 1800 384 1850; x_wconf 92' lang='lat' dir='ltr'>quod</span> <span class='ocrx_word' id='word_1_171' title='bbox 419 1800 529 1837; x_wconf 88' lang='lat' dir='ltr'>vobis</span> <span class='ocrx_word' id='word_1_172' title='bbox 566 1799 833 1842; x_wconf 81' lang='lat' dir='ltr'>adnuntiant3</span> <span class='ocrx_word' id='word_1_173' title='bbox 884 1802 1084 1848; x_wconf 87' lang='lat' dir='ltr'>quatenus</span> <span class='ocrx_word' id='word_1_174' title='bbox 1120 1798 1346 1843; x_wconf 88' lang='lat' dir='ltr'>credentes,</span> 
     </span>
     <span class='ocr_line' id='line_1_29' title="bbox 157 1856 1346 1909; baseline -0.003 -12"><span class='ocrx_word' id='word_1_175' title='bbox 157 1862 262 1898; x_wconf 87' lang='lat' dir='ltr'>sicut</span> <span class='ocrx_word' id='word_1_176' title='bbox 294 1861 453 1909; x_wconf 87' lang='lat' dir='ltr'>saepius</span> <span class='ocrx_word' id='word_1_177' title='bbox 488 1859 641 1896; x_wconf 88' lang='lat' dir='ltr'>dictum</span> <span class='ocrx_word' id='word_1_178' title='bbox 675 1862 751 1902; x_wconf 89' lang='lat' dir='ltr'>est,</span> <span class='ocrx_word' id='word_1_179' title='bbox 783 1859 825 1894; x_wconf 89' lang='lat' dir='ltr'>in</span> <span class='ocrx_word' id='word_1_180' title='bbox 857 1857 993 1895; x_wconf 90' lang='lat' dir='ltr'>Deum</span> <span class='ocrx_word' id='word_1_181' title='bbox 1027 1856 1190 1894; x_wconf 89' lang='lat' dir='ltr'>Patrem</span> <span class='ocrx_word' id='word_1_182' title='bbox 1223 1860 1346 1894; x_wconf 91' lang='lat' dir='ltr'>omni-</span> 
     </span>
    </p>
   </div>
   <div class='ocr_carea' id='block_1_3' title="bbox 202 1972 1310 2055">
    <p class='ocr_par' dir='ltr' id='par_1_5' title="bbox 202 1972 1310 2055">
     <span class='ocr_line' id='line_1_30' title="bbox 202 1972 1310 2014; baseline -0.002 -6"><span class='ocrx_word' id='word_1_183' title='bbox 202 1976 215 1996; x_wconf 79' lang='lat'>1</span> <span class='ocrx_word' id='word_1_184' title='bbox 237 1976 291 2008; x_wconf 81' lang='lat' dir='ltr'>for</span> <span class='ocrx_word' id='word_1_185' title='bbox 307 1975 423 2008; x_wconf 79' lang='lat' dir='ltr'>habuit</span> <span class='ocrx_word' id='word_1_186' title='bbox 437 1975 546 2012; x_wconf 67' lang='lat' dir='ltr'>MSS„</span> <span class='ocrx_word' id='word_1_187' title='bbox 564 1984 620 2006; x_wconf 84' lang='lat' dir='ltr'>see</span> <span class='ocrx_word' id='word_1_188' title='bbox 635 1974 688 2006; x_wconf 89' lang='lat' dir='ltr'>Pl.</span> <span class='ocrx_word' id='word_1_189' title='bbox 837 1974 850 1993; x_wconf 77' lang='lat'>²</span> <span class='ocrx_word' id='word_1_190' title='bbox 873 1974 927 2005; x_wconf 79' lang='lat' dir='ltr'>for</span> <span class='ocrx_word' id='word_1_191' title='bbox 942 1972 1049 2014; x_wconf 74' lang='lat' dir='ltr'>potuit</span> <span class='ocrx_word' id='word_1_192' title='bbox 1064 1972 1173 2010; x_wconf 68' lang='lat' dir='ltr'>MSS„</span> <span class='ocrx_word' id='word_1_193' title='bbox 1188 1983 1244 2006; x_wconf 83' lang='lat' dir='ltr'>see</span> <span class='ocrx_word' id='word_1_194' title='bbox 1258 1972 1310 2006; x_wconf 81' lang='lat' dir='ltr'>Pl.</span> 
     </span>
     <span class='ocr_line' id='line_1_31' title="bbox 437 2015 1041 2055; baseline -0.003 -6"><span class='ocrx_word' id='word_1_195' title='bbox 437 2019 450 2038; x_wconf 77' lang='lat'>³</span> <span class='ocrx_word' id='word_1_196' title='bbox 472 2018 527 2049; x_wconf 77' lang='lat' dir='ltr'>for</span> <span class='ocrx_word' id='word_1_197' title='bbox 542 2017 778 2051; x_wconf 76' lang='lat' dir='ltr'>constructioni</span> <span class='ocrx_word' id='word_1_198' title='bbox 793 2016 901 2055; x_wconf 68' lang='lat' dir='ltr'>MSS„</span> <span class='ocrx_word' id='word_1_199' title='bbox 918 2026 974 2048; x_wconf 87' lang='lat' dir='ltr'>see</span> <span class='ocrx_word' id='word_1_200' title='bbox 988 2015 1041 2051; x_wconf 67' lang='lat' dir='ltr'>Pl,</span> 
     </span>
    </p>
   </div>
   <div class='ocr_carea' id='block_1_4' title="bbox 159 2081 230 2119">
    <p class='ocr_par' dir='ltr' id='par_1_6' title="bbox 159 2081 230 2119">
     <span class='ocr_line' id='line_1_32' title="bbox 159 2081 230 2119; baseline 0.028 -2"><span class='ocrx_word' id='word_1_201' title='bbox 159 2081 230 2119; x_wconf 86' lang='lat'>260</span> 
     </span>
    </p>
   </div>
  </div>
 </body>
</html>
