1473 2322
438 157 549 193 THE
587 155 917 193 VENERABLE
952 155 1100 193 BEDE

175 267 263 298 tum
278 266 535 312 cognoscant.
588 259 861 297 Tremendum
877 259 956 298 Dei
970 259 1161 297 iudicium
1176 261 1363 302 timeant,

176 337 227 361 ne
251 336 323 372 pro
346 322 495 359 carnali
519 321 734 360 dilectione
757 326 963 358 tormenta
987 324 1141 359 aeterni
1165 323 1363 358 cruciatus

176 387 394 421 incurrant.
449 383 486 420 N
489 397 539 420 on
562 389 702 420 tamen
724 396 797 432 pro
820 382 895 420 hac
918 396 976 427 re,
998 385 1098 420 sacri
1121 384 1295 432 corporis
1318 394 1364 419 ac

176 448 380 495 sanguinis
408 445 572 482 Domini
597 446 878 482 communione
904 444 1087 494 privandi
1112 449 1221 488 sunt,
1246 456 1298 481 ne
1323 444 1364 479 in

178 509 234 545 eis
250 506 317 543 illa
334 506 468 543 ulcisci
485 506 712 550 videantur,
728 508 769 542 in
787 506 932 556 quibus
948 518 992 543 se
1007 518 1080 555 per
1095 506 1365 555 ignorantiam

177 574 273 606 ante
308 568 510 605 lavacrum
545 568 802 617 baptismatis
838 567 1154 604 adstrinxerunt.
1209 565 1258 603 In
1290 564 1366 603 hoc

177 632 285 667 enim
303 635 489 679 tempore
509 634 648 666 sancta
669 628 836 667 ecclesia
856 629 1057 679 quaedam
1077 642 1149 678 per
1167 626 1365 665 fervorem

177 694 354 742 corrigit,
374 691 574 741 quaedam
595 704 669 741 per
687 691 1043 728 mansuetudinem
1062 690 1225 734 tolerat,
1245 702 1367 739 quae·

177 754 271 791 dam
288 766 361 803 per
376 753 740 790 considerationem
758 751 997 796 dissimulat,
1015 756 1139 801 atque
1156 753 1215 788 ita
1230 755 1367 800 portat

178 821 221 852 et
243 814 482 858 dissimulat,
505 820 552 851 ut
573 827 695 864 saepe
717 813 869 850 malum
891 813 1000 863 quod
1022 813 1258 850 adversatur
1278 825 1367 862 por-

177 877 303 914 tando
340 882 382 914 et
419 876 706 913 dissimulando
742 880 985 925 compescat.
1040 874 1192 912 Omnes
1229 879 1367 912 autem

178 940 247 988 qui
287 938 338 975 ad
378 937 501 975 fidem
540 939 723 981 veniunt,
763 937 1006 974 admonendi
1046 942 1155 981 sunt,
1194 949 1245 973 ne
1285 935 1366 972 tale

179 999 329 1049 aliquid
351 999 529 1036 audeant
548 1004 798 1049 perpetrare.
853 997 891 1035 Si
914 1000 982 1048 qui
1003 1003 1140 1036 autem
1161 1002 1369 1048 perpetra-

180 1064 324 1105 verint,
359 1063 533 1111 corporis
570 1066 613 1098 et
647 1062 852 1110 sanguinis
889 1060 1053 1096 Domini
1088 1061 1367 1097 communione

177 1123 360 1172 privandi
381 1128 498 1160 sunt:
534 1124 629 1172 quia
649 1124 753 1159 sicut
772 1124 814 1158 in
835 1121 895 1158 his
917 1123 986 1172 qui
1007 1135 1079 1171 per
1098 1123 1368 1172 ignorantiam

178 1183 377 1229 fecerunt,
398 1183 515 1234 culpa
540 1183 797 1233 aliquatenus
821 1183 1034 1220 toleranda
1059 1188 1135 1227 est,
1160 1185 1218 1220 ita
1242 1185 1284 1219 in
1307 1181 1368 1219 his

180 1245 339 1283 fortiter
391 1245 656 1295 insequenda,
710 1248 777 1295 qui
830 1258 910 1282 non
963 1250 1154 1282 metuunt
1207 1244 1369 1281 sciendo

180 1307 390 1358 peccare.'’

230 1368 300 1406 VI.
333 1369 604 1419 Interrogatio
660 1369 891 1418 Augustini.
961 1368 983 1381 ‘⁸
1002 1367 1042 1404 Si
1097 1368 1369 1419 longinquitas

180 1433 333 1468 itineris
372 1443 522 1480 magna
559 1431 789 1474 interiacet,
828 1435 875 1467 ut
915 1431 1091 1479 episcopi
1133 1442 1213 1466 non
1252 1428 1368 1466 facile

182 1492 342 1530 valeant
374 1493 602 1536 convenire,
634 1504 686 1528 an
718 1491 869 1529 debeat
900 1493 986 1530 sine
1019 1491 1187 1528 aliorum
1219 1493 1370 1541 episco—

182 1568 321 1604 porum
345 1555 577 1604 praesentia
601 1555 811 1603 episcopus
834 1553 1036 1591 ordinari?
1056 1552 1079 1565 ''

232 1615 458 1665 Respondit
481 1614 712 1665 Gregorius.
768 1613 790 1627 ‘¹
809 1614 865 1652 Et
888 1614 1052 1665 quidem
1077 1617 1119 1651 in
1145 1613 1368 1665 Anglorum

182 1677 362 1721 ecclesia,
389 1680 430 1713 in
458 1689 539 1727 qua
566 1675 697 1713 adhuc
723 1675 830 1713 solus
857 1681 904 1713 tu
931 1679 1142 1726 episcopus
1167 1677 1369 1720 inveniris,

181 1739 364 1777 ordinare
402 1740 634 1788 episcopum
670 1750 751 1775 non
787 1737 906 1776 aliter
941 1739 1016 1774 nisi
1051 1740 1138 1775 sine
1175 1738 1369 1787 episcopis

181 1805 310 1851 potes.
365 1799 470 1837 Nam
492 1799 654 1850 quando
676 1799 728 1837 de
752 1798 876 1836 Gallis
900 1801 1075 1848 episcopi
1097 1801 1279 1842 veniunt,
1301 1800 1369 1848 qui

181 1866 221 1899 in
239 1862 492 1899 ordinatione
511 1863 686 1911 episcopi
704 1865 832 1898 testes
851 1860 1077 1898 adsistant?
1130 1859 1211 1897 Sed
1226 1858 1369 1897 frater-

182 1926 355 1961 nitatem
390 1928 504 1960 tuam
538 1924 596 1959 ita
631 1921 812 1959 volumus
849 1924 1054 1972 episcopos
1089 1921 1288 1966 ordinare,
1323 1926 1369 1958 ut

182 1986 256 2034 ipsi
293 1985 366 2021 sibi
405 1986 579 2033 episcopi
615 1983 736 2034 longo
770 1982 982 2022 intervallo
1017 1984 1183 2020 minime
1221 1982 1369 2019 disiun-

188 2071 257 2107 126
