1473 2322
413 135 524 172 THE
560 135 891 173 VENERABLE
926 134 1074 172 BEDE

153 239 434 288 discerpuntur
464 239 515 275 ab
545 237 750 275 hostibus:
795 238 903 275 unde
935 250 958 274 a
988 238 1259 275 mansionibus
1291 250 1336 274 ac

152 291 478 342 possessiunculis
527 294 606 328 suis
656 294 790 335 eiecti,
837 293 1050 328 imminens
1098 291 1173 328 sibi
1220 289 1336 327 famis

153 345 374 395 periculum
402 344 609 382 latrocinio
639 358 684 381 ac
712 346 936 394 rapacitate
964 349 1108 381 mutua
1135 349 1336 393 tempera-

154 400 268 443 bant,
295 404 492 448 augentes
519 404 708 436 externas
734 398 963 435 domesticis
988 398 1164 434 motibus
1190 396 1337 440 clades,

155 452 282 489 donec
305 454 432 488 omnis
461 453 572 502 regio
595 453 720 488 totius
750 452 829 489 cibi
854 450 1142 495 sustentaculo,
1166 455 1337 501 excepto

155 505 327 543 venandi
347 504 503 550 solatio,
522 509 773 543 vacuaretur.

608 825 724 863 CAP.
761 825 864 863 XIII
880 825 895 850 1

162 912 211 951 Ut
223 918 397 962 regnante
415 912 619 949 Theodosio
633 912 784 956 minore,
799 911 902 948 cuius
915 917 1071 962 tempore
1082 910 1278 948 Palladius
1291 909 1339 946 ad

260 966 400 1003 Scottos
414 965 452 1003 in
468 964 650 1003 Christum
666 965 848 1002 credentes
863 964 998 1002 missus
1009 970 1075 1008 est,
1087 964 1278 1001 Brettones
1294 962 1339 999 ab

258 1019 363 1056 Aetio
378 1019 523 1056 consule
539 1018 716 1055 auxilium
724 1018 946 1069 flagitantes
964 1031 1037 1055 non
1056 1015 1338 1069 impetraverint.

208 1109 326 1145 ANNo
362 1108 599 1145 Dominicae
631 1110 914 1145 incarnationis
944 1107 1339 1157 quadringentesimo

158 1164 349 1212 vigesimo
382 1164 518 1206 tertio,
551 1161 797 1198 Theodosius
832 1162 960 1197 iunior
992 1165 1084 1210 post
1117 1159 1339 1197 Honorium

157 1215 486 1266 quadragesimus
500 1217 664 1266 quintus
677 1215 728 1252 ab
742 1215 927 1264 Augusto
939 1227 1109 1264 regnum
1122 1215 1338 1262 suscipiens

158 1271 299 1319 viginti
338 1273 381 1306 et
416 1282 487 1306 sex
525 1281 648 1305 annos
685 1270 842 1312 tenuit3
893 1270 1004 1304 cuius
1043 1280 1147 1303 anno
1184 1268 1339 1316 imperii

158 1328 299 1359 octavo
322 1320 522 1359 Palladius
546 1321 597 1358 ad
617 1320 775 1359 Scottos
797 1323 839 1358 in
862 1320 1064 1358 Christum
1085 1320 1296 1358 credentes
1318 1333 1339 1356 a

157 1375 347 1425 pontifice
356 1375 562 1412 Romanae
571 1375 762 1413 ecclesiae
771 1374 999 1412 Caelestino
1007 1376 1157 1423 primus
1164 1375 1341 1410 mittitur

159 1431 379 1479 episcopus.
434 1429 553 1466 Anno
577 1434 715 1466 autem
740 1430 853 1478 regni
879 1430 963 1465 eius
988 1429 1180 1478 vigesimo
1204 1428 1340 1469 tertio,

158 1483 302 1520 Aetius
327 1484 384 1519 vir
408 1482 584 1519 inlustris
611 1484 678 1532 qui
705 1487 747 1519 et
770 1483 960 1531 patricius
985 1479 1076 1524 fuit,
1101 1482 1222 1517 tertio
1248 1492 1340 1517 cum

159 1534 398 1585 Symmacho
412 1538 539 1586 gessit
553 1534 816 1572 consulatum.
870 1534 936 1572 Ad
954 1533 1060 1571 hunc
1074 1531 1342 1583 pauperculae

158 1588 398 1626 Brettonum
432 1589 625 1639 reliquiae
658 1591 829 1625 mittunt
862 1587 1086 1637 epistolam,
1120 1588 1232 1624 cuius
1266 1585 1341 1623 hoc

156 1645 395 1692 principium
429 1648 512 1680 est:
559 1641 723 1679 “Aetio
754 1647 817 1679 ter
848 1640 999 1678 consuli
1030 1642 1206 1691 gemitus
1238 1638 1340 1676 Brit-

158 1701 367 1734 tanorum:
384 1695 406 1708 ''
433 1702 474 1733 et
494 1699 534 1732 in
556 1708 742 1745 processu
764 1694 972 1745 epistolae,
991 1696 1051 1731 ita
1070 1706 1161 1731 suas
1181 1692 1341 1730 calami-

508 1796 520 1816 1
543 1796 675 1837 Mainly
690 1796 779 1828 from
796 1795 925 1832 Gildas,
943 1796 958 1835 ξ
975 1796 1026 1827 20.

206 1923 219 1942 1
242 1921 296 1953 No
312 1922 466 1953 mention
481 1922 510 1953 is
523 1921 623 1952 made
638 1921 674 1952 of
688 1920 739 1952 St.
753 1920 891 1951 Patrick
905 1919 981 1950 who
993 1918 1175 1960 according
1190 1920 1228 1951 to
1241 1917 1340 1949 other

162 1966 296 2039 writer-es.
306 1975 376 2039 νέἑιέ
391 1964 529 2039 {ernstiffly
543 1964 636 2006 Pope
650 1964 817 1996 Celestine
831 1966 869 1995 to
882 1962 1019 1995 Ireland
1031 1963 1069 1994 in
1082 1962 1157 1994 432.

163 2070 208 2106 62
