1473 2322
411 150 522 187 THE
560 149 890 187 VENERABLE
925 149 1072 187 BEDE

151 254 271 297 eruti,
315 256 359 290 et
404 252 456 290 ad
498 252 812 290 misericordiam
857 251 1005 291 Christi
1050 255 1193 291 vocati.
1248 253 1333 292 Rex

150 318 378 367 provinciae
397 315 500 354 illius
517 317 717 366 quomodo
733 316 988 366 appellatur?
1007 315 1030 330 '⁸
1083 317 1335 367 Responsum

152 385 228 425 est,
261 380 370 431 quod
396 385 419 402 ‘⁶
440 379 547 418 Aelli
564 379 590 393 ”
616 381 831 418 diceretur.
886 381 944 418 At
970 380 1036 419 ille
1065 380 1261 419 adludens
1285 381 1336 419 ad

152 458 298 482 nomen
326 446 405 482 ait:
445 448 469 467 “
489 443 685 482 Alleluia!
730 444 913 482 Laudem
934 444 1013 483 Dei
1033 444 1234 483 Creatoris
1261 444 1336 483 illis

152 511 191 545 in
203 509 385 558 partibus
404 512 567 558 oportet
579 508 776 546 cantari.”
830 509 1124 560 Accedensque
1141 509 1192 547 ad
1205 511 1336 559 ponti-

151 573 267 610 ficem
295 572 503 610 Romanae
532 576 575 611 et
603 572 847 622 apostolicae
875 573 995 618 sedis,
1023 573 1202 611 nondum
1229 575 1335 612 enim

151 641 239 675 erat
258 639 344 686 ipse
365 636 551 687 pontifex
571 636 717 681 factus,
736 639 894 687 rogavit
913 641 960 674 ut
978 639 1093 688 genti
1112 636 1334 688 Anglorum

150 703 192 738 in
219 700 463 738 Brittaniam
491 700 645 751 aliquos
673 702 785 739 verbi
812 703 1030 746 ministros,
1057 714 1130 751 per
1158 714 1258 752 quos
1285 701 1335 739 ad

151 764 355 803 Christum
374 769 694 809 converteretur,
713 767 921 810 mitteret3
954 767 1132 815 seipsum
1150 770 1335 815 paratum

151 843 241 868 esse
267 831 309 866 in
333 827 410 866 hoc
436 842 535 879 opus
562 828 738 866 Domino
764 833 1008 879 cooperante
1034 829 1335 879 perficiendum,

150 896 183 931 si
211 898 352 930 tamen
382 893 602 943 apostolico
630 906 776 943 papae,
805 892 880 930 hoc
910 897 955 930 ut
985 893 1115 939 fieret,
1143 893 1335 944 placeret.

151 957 271 1005 Quod
292 957 390 995 dum
410 957 604 1007 perficere
625 971 706 994 non
727 961 887 1007 posset3
923 959 1032 1008 quia,
1055 959 1130 996 etsi
1152 957 1335 1008 pontifex

150 1022 372 1060 concedere
425 1021 481 1058 illi
531 1022 641 1072 quod
679 1024 857 1072 petierat
897 1021 1037 1067 voluit,
1077 1035 1157 1059 non
1197 1026 1337 1060 tamen

150 1089 256 1124 cives
295 1086 481 1130 Romani,
520 1090 567 1123 ut
604 1090 691 1123 tam
727 1085 848 1137 longe
887 1087 938 1124 ab
977 1087 1076 1124 urbe
1113 1086 1338 1132 secederet,

150 1154 321 1200 potuere
338 1152 601 1200 permittere;
632 1163 727 1187 mox
744 1155 791 1187 ut
813 1152 899 1200 ipse
927 1150 1185 1200 pontificatus
1212 1150 1338 1188 officio

151 1214 314 1252 functus
348 1218 425 1259 est,
456 1213 630 1264 perfecit
663 1227 762 1264 opus
795 1214 865 1251 diu
897 1214 1195 1252 desideratum:
1241 1213 1337 1253 alios

151 1278 315 1329 quidem
352 1278 652 1328 praedicatores
687 1280 870 1323 mittens,
905 1278 978 1316 sed
1012 1280 1098 1328 ipse
1134 1278 1336 1328 praedica-

152 1345 304 1381 tionem
351 1346 399 1379 ut
444 1341 722 1387 fructificaret,
768 1344 849 1381 suis
897 1341 1245 1381 exhortationibus
1292 1356 1336 1380 ac

152 1407 335 1457 precibus
357 1406 563 1444 adiuvans.
619 1406 732 1444 Haec
755 1408 872 1443 iuxta
893 1409 1122 1456 opinionem
1144 1419 1266 1456 quam
1287 1407 1336 1444 ab

151 1473 327 1522 antiquis
354 1473 596 1521 accepimus,
623 1470 827 1509 Historiae
853 1475 1016 1509 nostrae
1043 1470 1337 1509 ecclesiasticae

152 1538 327 1574 inserere
344 1540 617 1585 opportunum
634 1534 834 1573 duximus.

196 1652 209 1672 ²
232 1652 455 1684 Inhabitants
484 1651 520 1683 of
548 1651 678 1692 Deifyr,
710 1651 803 1682 Deur
831 1661 869 1683 or
897 1651 1000 1683 Deira
1029 1650 1246 1691 (Latinized),
1276 1651 1335 1683 the

151 1695 313 1727 northern
339 1695 472 1726 district
498 1694 601 1726 south
627 1694 662 1725 of
687 1694 746 1725 the
775 1695 858 1726 Tees
885 1705 922 1726 or
947 1694 1006 1726 the
1032 1694 1138 1736 Tyne.
1185 1694 1333 1735 Gregory

152 1739 249 1779 plays
265 1748 357 1780 upon
370 1738 429 1769 the
444 1748 544 1769 name
560 1738 662 1769 Deira
677 1747 714 1769 as
727 1736 765 1769 de
779 1737 842 1769 ira.

155 2085 221 2109 202
