1473 2322
473 123 585 160 THE
625 123 956 161 VENERABLE
991 123 1138 161 BEDE

213 223 404 261 ecclesiae
429 223 590 269 Christi,
615 237 754 262 eorum
782 229 844 262 est
868 227 1049 274 paucitas
1074 238 1154 263 uno
1179 225 1230 263 de
1255 226 1402 277 angulo

212 289 421 321 extremae
448 282 602 321 insulae
631 283 926 333 praeferenda?
980 284 1035 322 Et
1062 287 1094 321 si
1123 291 1285 322 sanctus
1315 291 1403 324 erat

211 356 257 380 ac
286 348 432 393 potens
461 344 678 381 virtutibus
706 343 773 382 ille
804 343 1001 380 Columba
1030 349 1178 389 vester,
1207 347 1329 382 immo
1360 351 1402 384 et

211 408 348 440 noster
388 405 420 440 si
462 402 610 440 Christi
651 408 753 448 erat,
794 404 992 453 numquid
1032 404 1226 453 praeferri
1267 407 1402 454 potuit

212 463 445 500 beatissimo
478 462 750 512 apostolorum
782 465 965 513 principi,
996 465 1059 500 cui
1093 464 1290 501 Dominus
1323 467 1402 502 ait:

211 521 300 559 ‘Tu
337 536 378 560 es
416 521 575 568 Petrus,
612 528 655 560 et
690 535 811 572 super
847 521 949 559 hanc
985 528 1144 572 petram
1181 523 1402 562 aedificabo

211 581 421 620 ecclesiam
446 596 595 627 meam,
623 587 666 620 et
691 587 833 632 portae
859 581 977 620 inferi
1003 596 1084 619 non
1110 583 1403 633 praevalebunt

211 641 400 679 adversus
420 655 525 687 eam,
544 647 586 680 et
603 642 678 679 tibi
696 642 801 679 dabo
819 640 950 680 claves
968 645 1083 693 regni
1100 642 1329 680 caelorum?
1351 643 1359 656 ’
1379 643 1401 656 ’'

261 701 375 739 Haec
414 707 630 752 perorante
671 701 853 747 vilfrido,
894 702 998 739 dixit
1037 715 1131 740 rex:
1186 702 1208 715 “
1229 703 1263 739 V
1266 717 1401 749 erene,

209 759 417 806 Colmane,
450 760 550 799 haec
583 760 639 798 illi
673 760 795 799 Petro
828 761 938 799 dicta
970 767 1065 799 sunt
1098 775 1122 799 a
1153 761 1358 800 Domino?
1378 763 1400 775 '’

208 820 287 867 Qui
317 823 396 858 ait:
440 820 463 833 “
483 821 602 866 Vere,
631 819 745 858 rex.''
798 821 857 858 At
876 820 957 866 ille,
977 820 999 833 “
1020 821 1235 867 Habetis,''
1256 825 1399 872 inquit,

209 879 231 892 ‘⁶
250 893 318 917 vos
334 879 513 929 proferre
531 879 683 930 aliquid
699 885 840 917 tantae
857 883 1074 930 potestatis
1091 886 1224 918 vestro
1241 881 1400 919 Colum-

208 940 283 977 bae
308 939 477 976 datum?
497 938 520 952 ''
573 940 631 976 At
655 943 712 977 ait
734 939 823 977 ille:
862 939 884 952 “
906 939 1056 977 Nihil.’'
1110 940 1282 978 Rursum
1306 955 1399 980 rex:

207 998 229 1011 “
249 998 289 1036 Si
311 1002 472 1049 utrique
494 999 715 1045 vestrum,”
735 1002 882 1050 inquit,
902 998 925 1012 ‘⁴
944 1002 985 1037 in
1006 999 1081 1037 hoc
1100 1003 1186 1038 sine
1208 1000 1289 1038 ulla
1308 1015 1400 1039 con-

206 1061 401 1096 troversia
424 1061 698 1105 consentiunt,
723 1059 831 1109 quod
855 1058 954 1097 haec
979 1059 1253 1110 principaliter
1278 1059 1398 1099 Petro

206 1118 329 1163 dicta,
367 1124 410 1156 et
454 1121 490 1157 ei
533 1118 664 1157 claves
706 1121 821 1169 regni
858 1118 1060 1157 caelorum
1097 1122 1178 1157 sint
1215 1120 1337 1158 datae
1375 1134 1399 1158 a

206 1178 409 1216 Domino?
429 1177 452 1190 ¹'
506 1178 841 1228 Responderunt:
883 1177 906 1191 “
925 1179 1076 1224 Etiam,
1104 1178 1287 1229 utique.’'
1340 1180 1399 1218 At

204 1237 271 1275 ille
296 1240 355 1275 ita
380 1236 596 1275 conclusit:
637 1238 659 1250 ‘⁴
680 1238 734 1275 Et
761 1251 836 1288 ego
862 1239 973 1275 vobis
999 1238 1101 1283 dico,
1127 1241 1222 1288 quia
1246 1238 1310 1276 hic
1335 1245 1398 1277 est

204 1299 389 1335 ostiarius
429 1296 496 1335 ille
537 1299 601 1334 cui
642 1311 718 1347 ego
759 1297 1034 1335 contradicere
1074 1297 1189 1342 nolo;
1244 1298 1316 1336 sed
1356 1301 1396 1336 in

204 1362 403 1407 quantum
438 1358 530 1394 novi
566 1355 630 1395 vel
665 1357 793 1402 valeo,
828 1356 944 1394 huius
980 1359 1099 1406 cupio
1134 1359 1176 1394 in
1211 1359 1396 1395 omnibus

203 1417 368 1455 obedire
397 1418 585 1461 statutis3
628 1430 679 1454 ne
708 1415 813 1454 forte
841 1430 907 1455 me
937 1417 1181 1455 adveniente
1211 1418 1262 1455 ad
1291 1417 1395 1456 fores

202 1479 317 1527 regni
342 1475 558 1521 caelorum,
583 1489 663 1513 non
689 1478 741 1513 sit
766 1478 834 1527 qui
859 1476 1044 1522 reserat,1
1071 1489 1209 1515 averso
1233 1475 1301 1514 illo
1327 1481 1394 1528 qui

201 1535 333 1574 claves
354 1540 497 1574 tenere
518 1533 755 1586 probatur.”

253 1594 367 1633 Haec
384 1595 545 1633 dicente
562 1608 674 1645 rege,
690 1593 879 1632 faverunt
896 1593 1127 1632 adsidentes
1145 1596 1295 1644 quique
1311 1598 1393 1634 sive

202 1655 426 1699 adstantes,
440 1656 611 1692 maiores
627 1667 707 1691 una
722 1667 814 1691 cum
828 1653 1096 1691 mediocribus
1109 1666 1119 1698 3
1149 1659 1192 1691 et
1207 1654 1395 1692 abdicata

200 1717 332 1752 minus
352 1713 535 1764 perfecta
555 1715 827 1758 institutione,
848 1713 900 1751 ad
921 1726 970 1751 ea
990 1726 1095 1763 quae
1115 1712 1282 1751 meliora
1302 1727 1394 1766 cog-

201 1779 412 1820 noverant,
437 1786 526 1812 sese
552 1772 771 1812 transferre
798 1772 1062 1811 festinabant.

635 1850 649 1870 1
671 1849 739 1881 For
754 1853 878 1887 reseret,
895 1848 947 1881 Pl.

246 1953 259 1973 ²
278 1953 473 2027 7<³71ciording
488 1955 529 2028 ἷεέ
544 1952 603 1984 the
619 1952 761 1991 maxim,
780 1951 923 1985 Securus
940 1951 1066 1985 iudicat
1082 1952 1169 1985 orbis
1185 1956 1355 1986 terrarum.

245 1997 257 2015 ²
279 2019 291 2027 r
317 2006 336 2027 a
358 2003 382 2028 t.
399 1997 471 2027 xvi.
532 2019 540 2027 .

199 2053 271 2101 476
