1473 2322
439 119 550 157 THE
586 118 917 157 VEN'ERABLE
953 117 1102 156 BEDE

687 253 804 292 CAP.
841 254 880 292 X

182 342 220 380 U
219 348 231 379 t
248 341 410 380 Arcadio
427 346 616 393 regnante,
634 340 812 391 Pelagius
828 339 954 377 Bretto
971 345 1098 377 contra
1111 339 1274 391 gratiam
1290 338 1367 376 Dei

544 393 702 445 superba
721 394 816 431 bella
833 394 1044 445 susceperit.

227 481 346 518 ANNo
371 481 422 518 ab
445 483 721 518 incarnatione
746 480 909 516 Domini
933 481 1220 523 trecentesimo
1243 491 1367 515 nona-

177 537 331 584 gesimo
359 540 503 584 quarto
530 534 726 571 Arcadius
754 533 857 570 filius
883 533 1098 571 Theodosii
1124 546 1215 569 cum
1242 530 1367 569 fratre

178 587 370 631 Honorio,
392 588 723 638 quadragesimus
745 590 891 624 tertius
914 588 965 624 ab
987 588 1174 636 Augusto
1196 599 1366 636 regnum

176 643 410 690 suscipiens,
424 643 560 678 tenuit
575 654 699 678 annos
714 641 923 678 tredecim.
979 639 1103 677 Cuius
1119 640 1368 689 temporibus

177 693 364 745 Pelagius
396 694 539 732 Bretto
573 700 714 731 contra
752 693 945 730 auxilium
977 692 1135 744 gratiae
1169 704 1368 742 supernae

176 761 333 786 venena
351 760 448 785 suae
476 747 670 797 perfidiae
698 747 818 798 longe
838 747 1003 797 lateque
1024 747 1226 796 dispersit,
1246 752 1366 783 utens

181 807 442 851 cooperatore
490 800 646 838 Iuliano
686 801 738 838 de
779 800 1014 850 Campania,
1054 813 1176 850 quem
1216 799 1369 837 dudum

178 857 313 892 amissi
343 857 598 904 episcopatus
627 857 902 903 intemperans
932 854 1077 903 cupido
1108 853 1368 903 exagitabat:

178 909 323 958 quibus
360 913 522 945 sanctus
560 909 811 958 Augustinus
848 910 953 944 sicut
990 913 1033 945 et
1069 909 1195 944 ceteri
1231 912 1369 956 patres

178 961 392 999 orthodoxi
412 961 550 998 multis
570 963 866 999 sententiarum
887 960 1174 998 catholicarum
1194 959 1368 997 millibus

178 1015 489 1065 responderunt,
504 1027 579 1052 nec
595 1028 734 1052 eorum
748 1020 889 1052 tamen
904 1015 1153 1052 dementiam
1169 1016 1368 1064 corrigere

180 1068 392 1106 valebant:
441 1068 527 1112 sed,
562 1068 670 1118 quod
703 1070 863 1119 gravius
899 1073 975 1111 est,
1009 1073 1195 1117 correpta
1230 1080 1367 1104 eorum

181 1124 343 1160 vesania
355 1124 484 1172 magis
499 1135 717 1172 augescere
731 1121 1044 1159 contradicendo
1060 1134 1182 1170 quam
1197 1119 1370 1158 favendo

182 1178 341 1214 veritati
388 1175 515 1212 voluit
561 1175 793 1212 emundari:
854 1175 964 1224 quod
1008 1174 1146 1224 pulcre
1191 1174 1369 1212 versibus

180 1229 347 1267 heroicis
367 1228 539 1279 Prosper
556 1228 710 1266 Rhetor
727 1231 919 1273 insinuat,
938 1242 1029 1265 cum
1049 1231 1127 1265 ait:

231 1310 253 1324 “
273 1309 423 1348 Contra
442 1311 717 1360 Augustinum
735 1315 921 1346 narratur
939 1322 1099 1358 serpere
1121 1308 1284 1358 quidam

324 1363 515 1413 Scriptor,
536 1376 657 1413 quem
677 1363 830 1400 dudum
851 1362 949 1400 livor
970 1363 1104 1399 adurit
1125 1362 1242 1399 edax.

274 1417 374 1464 Quis
390 1422 512 1466 caput
527 1418 703 1454 obscuris
719 1422 951 1454 contectum
968 1421 1172 1465 utcunque
1190 1417 1369 1452 cavernis

324 1470 481 1508 Tollere
500 1470 623 1507 humo
641 1473 833 1508 miserum
851 1469 1029 1520 propulit
1048 1468 1333 1520 anguiculum?

275 1525 361 1562 Aut
380 1523 486 1561 hunc
505 1522 622 1574 fruge
642 1537 715 1561 sua
735 1526 924 1574 aequorei
944 1536 1091 1573 pavere
1112 1522 1307 1567 Britanni,

326 1578 413 1615 Aut
429 1577 493 1614 hic
513 1578 717 1627 Campano
735 1579 917 1628 gramine
936 1577 1057 1614 corda
1074 1574 1251 1614 tumet.''

233 1707 245 1727 ¹
268 1706 316 1738 As
341 1706 440 1747 being
465 1706 500 1738 of
524 1706 653 1738 British
677 1706 797 1747 origin.
843 1706 897 1737 He
922 1705 1045 1737 denied
1068 1704 1127 1737 the
1152 1703 1310 1736 doctrine
1335 1704 1371 1736 of

189 1749 359 1781 universal
375 1749 517 1789 original
531 1750 595 1780 sin.

233 1794 244 1812 ²
267 1792 424 1833 Deposed
440 1792 486 1833 by
501 1792 593 1834 Pope
607 1791 761 1823 Zosimus
774 1791 812 1823 in
825 1792 902 1824 418.

184 2066 231 2103 50
