1473 2322
444 124 556 162 THE
592 124 922 163 VENERABLE
958 126 1106 164 BEDE

655 271 772 310 CAP.
809 273 967 310 XXVII

190 358 240 396 Ut
269 357 365 396 idem
397 357 589 409 episcopus
609 357 759 409 factus,
795 358 974 410 Gregorio
1001 373 1140 410 papae,
1171 373 1267 411 quae
1297 360 1369 398 sint

284 411 494 448 Brittaniae
518 418 624 462 gesta
654 412 853 457 mandarit,
881 418 915 450 et
943 413 1055 451 simul
1080 413 1125 450 de
1152 414 1370 452 necessariis

283 463 362 502 eius
381 478 557 516 responsa
572 470 702 516 petens
722 466 911 516 acceperit.

234 551 412 588 INTEREA
440 554 499 588 vir
528 551 691 588 Domini
720 553 972 602 Augustinus
1001 555 1113 590 venit
1141 553 1297 599 Arelas,
1325 559 1369 592 et

185 613 235 650 ab
265 612 563 663 archiepiscopo
596 614 778 651 eiusdem
808 616 982 651 civitatis
1013 614 1223 660 Aetherio,
1254 617 1368 652 iuxta

185 675 292 724 quod
317 676 423 711 iussa
448 677 576 712 sancti
601 678 727 725 patris
754 675 938 726 Gregorii
964 681 1218 726 acceperant,
1244 675 1369 713 archi-

185 738 394 786 episcopus
411 739 526 787 genti
544 736 768 787 Anglorum
786 737 993 774 ordinatus
1012 743 1088 782 est,
1105 751 1369 789 reversusque

183 797 439 842 Brittaniam,
456 800 566 835 misit
582 801 773 835 continuo
791 798 960 835 Romam
979 798 1243 836 Laurentium
1260 812 1370 850 pres-

183 860 388 909 byterum,
413 865 457 897 et
480 858 648 897 Petrum
671 859 927 905 monachum,
952 863 1021 910 qui
1044 861 1166 898 beato
1189 860 1369 911 pontifici

185 920 379 972 Gregorio
397 927 566 972 gentem
584 921 809 972 Anglorum
827 921 949 959 fidem
968 921 1117 960 Christi
1134 925 1369 973 suscepisse,

185 996 230 1020 ac
251 995 294 1021 se
317 985 549 1033 episcopum
571 981 725 1020 factum
748 997 834 1021 esse
856 982 1077 1021 referrent:
1114 984 1231 1021 simul
1253 990 1296 1022 et
1317 985 1369 1023 de

185 1046 241 1081 eis
267 1057 371 1095 quae
397 1047 647 1083 necessariae
672 1045 914 1082 videbantur
939 1046 1256 1096 quaestionibus,
1284 1047 1369 1084 eius

184 1105 366 1143 consulta
406 1105 606 1157 flagitans.
661 1106 746 1144 Nec
786 1120 911 1152 mora,
952 1120 1129 1157 congrua
1168 1110 1369 1158 quaesitui

184 1181 375 1217 responsa
392 1170 570 1218 recepit;
603 1181 708 1218 quae
729 1171 854 1206 etiam
873 1167 965 1206 huic
985 1168 1188 1208 Historiae
1207 1175 1368 1207 nostrae

186 1229 439 1266 commodum
462 1230 648 1266 duximus
670 1230 822 1267 indere.

236 1291 268 1328 I.
298 1291 569 1341 Interrogatio
598 1292 710 1329 beati
740 1293 959 1342 Augustini
989 1295 1164 1343 episcopi
1195 1293 1366 1330 Cantua·

185 1355 332 1390 riorum
356 1352 560 1391 ecclesiae.
615 1353 638 1366 “
658 1353 722 1391 De
747 1356 956 1403 episcopis,
979 1354 1153 1404 qualiter
1175 1367 1266 1391 cum
1289 1357 1369 1391 suis

183 1414 335 1452 clericis
359 1419 659 1460 conversentur,
683 1415 747 1452 vel
771 1415 821 1453 de
845 1414 906 1452 his
930 1429 1035 1466 quae
1059 1415 1238 1453 fidelium
1261 1415 1370 1453 obla-

184 1476 360 1513 tionibus
399 1476 597 1514 acccdunt
635 1476 799 1520 altari03
852 1482 1030 1527 quantae
1067 1478 1247 1515 debeant
1284 1477 1369 1515 fieri

184 1540 403 1588 portiones,
439 1544 482 1576 et
517 1538 691 1589 qualiter
727 1541 935 1589 episeopus
970 1552 1092 1590 agere
1126 1542 1168 1576 in
1203 1538 1370 1577 ecclesia

186 1599 378 1637 debeat.”

236 1661 460 1711 Respondit
485 1661 702 1712 Gregorius
726 1675 831 1712 papa
856 1662 964 1700 urbis
988 1661 1154 1700 Romae.
1208 1662 1232 1676 “
1250 1662 1370 1700 Sacra

185 1722 389 1772 Scriptura
413 1729 604 1767 testatur,
627 1736 749 1773 quam
768 1729 811 1761 te
836 1725 942 1761 bene
962 1737 1078 1762 nosse
1097 1724 1265 1762 dubium
1289 1737 1369 1761 non

187 1790 261 1829 est,
276 1791 319 1822 et
331 1785 559 1835 specialiter
572 1786 682 1822 beati
698 1784 809 1822 Pauli
825 1785 877 1822 ad
888 1785 1147 1823 Timotheum
1161 1785 1370 1835 epistolae,

187 1849 226 1882 in
249 1847 392 1897 quibus
416 1860 509 1884 eum
532 1847 690 1885 erudire
712 1846 870 1884 studuit
891 1846 1065 1897 qualiter
1086 1849 1127 1884 in
1149 1847 1267 1885 domo
1290 1847 1369 1885 Dei

234 1961 243 1979 ¹
269 1961 437 2002 Vergilius
449 1971 519 1993 was
535 1960 594 1993 the
611 1971 712 1993 name
723 1960 758 1993 of
774 1961 833 1993 the
849 1960 1056 2003 archbishop
1072 1960 1107 1992 of
1123 1961 1232 1999 Arles,
1243 1971 1277 2003 p.
1297 1962 1368 1993 105.

233 2004 245 2023 2
267 2004 358 2035 June
375 2004 427 2041 22,
445 2005 519 2036 601.

195 2057 262 2092 116
