1473 2322
406 127 518 166 THE
556 128 889 165 VENERABLE
926 127 1074 165 BEDE

147 235 261 277 verit,
291 232 535 270 accenditur.
589 231 709 278 Quod
737 233 869 281 ipsum
899 236 945 268 tu
976 243 1136 282 quoque
1167 230 1329 281 vigilan-

145 293 298 328 tissime
347 290 669 341 deprehendens,
719 289 927 327 historiam
975 296 1241 327 memoratam
1289 293 1329 326 in

145 352 331 387 notitiam
354 351 428 387 tibi
452 349 650 400 simulque
674 352 730 387 eis
755 350 898 400 quibus
921 355 964 387 te
988 349 1175 400 regendis
1197 349 1331 386 divina

147 408 343 458 praefecit
361 411 593 453 auctoritas,
612 409 663 446 ob
681 408 881 459 generalis
899 421 1036 445 curam
1054 407 1193 445 salutis
1211 407 1330 445 latius

147 467 344 517 propalari
361 467 577 505 desideras.

199 526 258 564 Ut
277 531 416 563 autem
442 528 482 563 in
508 525 569 563 his
595 539 700 577 quae
719 528 870 576 scripsi,
897 524 961 562 vel
983 525 1071 570 tibi,
1098 525 1162 563 vel
1187 527 1331 563 ceteris

147 585 395 623 auditoribus
409 587 491 623 sive
506 585 722 623 lectoribus
735 585 852 622 huius
866 584 1069 622 Historiae
1083 587 1332 622 occasionem

148 644 359 682 dubitandi
372 644 621 689 subtraham,
634 645 779 695 quibus
797 643 897 681 haec
911 646 1087 680 maxime
1103 643 1332 680 auctoribus

149 703 355 740 didicerim
385 703 562 740 breviter
601 705 788 740 intimare
818 702 979 740 curabo.
1047 702 1201 739 Auctor
1236 706 1333 738 ante

148 774 287 799 omnes
316 767 440 812 atque
471 761 631 799 adiutor
661 761 840 811 opusculi
874 760 992 798 huius
1025 760 1195 797 Albinus
1225 759 1331 797 abba

151 823 495 858 reverentissimus
509 822 566 856 vir
578 833 650 870 per
664 822 799 857 omnia
814 820 1065 857 doctissimus
1082 821 1220 856 extitit
1233 831 1242 862 ;
1265 820 1334 868 qui

149 882 189 916 in
202 879 370 917 ecclesia
381 879 688 916 Cantuariorum
702 893 725 916 a
737 880 884 916 beatae
896 881 1114 916 memoriae
1124 877 1334 915 Theodoro

151 938 447 989 archiepiscopo
469 944 512 976 et
532 938 738 975 Hadriano
759 939 909 975 abbate
929 940 1021 975 viris
1042 936 1335 975 venerabilibus

149 1002 273 1048 atque
296 997 572 1035 eruditissimis
593 1000 818 1041 institutus,
839 996 1055 1047 diligenter
1076 998 1210 1033 omnia
1231 1008 1335 1046 quae

149 1060 191 1094 in
207 1059 294 1107 ipsa
312 1056 619 1094 Cantuariorum
637 1059 840 1106 provincia
856 1056 919 1094 vel
938 1058 1061 1094 etiam
1080 1058 1121 1093 in
1138 1057 1336 1106 contiguis

152 1115 284 1154 eidem
313 1116 543 1167 regionibus
572 1129 597 1153 a
624 1115 826 1165 discipulis
854 1116 966 1153 beati
993 1127 1124 1166 papae
1154 1114 1337 1165 Gregorii

151 1181 269 1226 gesta
292 1173 421 1220 fuere,
446 1174 509 1212 vel
533 1177 792 1212 monimentis
816 1174 1024 1212 literarum
1049 1173 1113 1211 vel
1137 1175 1336 1211 seniorum

152 1233 370 1271 traditione
409 1239 676 1285 cognoverat:
730 1239 774 1271 et
814 1246 864 1270 ea
901 1233 999 1270 mihi
1039 1233 1091 1271 de
1130 1231 1191 1269 his
1232 1244 1337 1282 quae

152 1295 346 1330 memoria
376 1292 500 1343 digna
529 1293 784 1337 videbantur,
815 1305 888 1342 per
916 1291 1146 1343 religiosum
1178 1290 1338 1328 Lundo-

152 1353 300 1389 niensis
317 1351 508 1389 ecclesiae
523 1352 806 1402 presbyterum
824 1350 1100 1395 Nothelmum,
1115 1352 1198 1387 sive
1212 1349 1339 1387 literis

153 1410 347 1448 mandata
374 1413 457 1448 sive
485 1413 608 1461 ipsius
637 1409 842 1448 Nothelmi
871 1412 961 1447 viva
987 1422 1084 1447 voce
1111 1407 1338 1451 referenda,

154 1471 388 1507 transmisit.
443 1468 522 1517 Qui
542 1469 730 1507 videlicet
750 1468 989 1506 Nothelmus
1009 1473 1151 1518 postea
1170 1467 1339 1504 Romam

155 1531 334 1574 veniens,
356 1529 566 1567 nonnullas
589 1529 644 1566 ibi
666 1529 777 1566 beati
800 1528 984 1579 Gregorii
1005 1539 1136 1577 papae
1158 1525 1276 1564 simul
1297 1531 1341 1563 et

161 1586 326 1625 aliorum
362 1587 598 1638 pontificum
634 1587 837 1638 epistolas,
871 1592 1124 1637 perscrutato
1159 1585 1340 1623 eiusdem

156 1651 323 1683 sanctae
364 1645 556 1683 ecclesiae
596 1645 802 1682 Romanae
840 1647 982 1682 scrinio
1021 1646 1216 1694 permissu
1255 1645 1340 1680 eius

158 1707 226 1754 qui
256 1717 362 1742 nunc
392 1707 467 1755 ipsi
499 1704 691 1742 ecclesiae
721 1709 884 1754 praeest
915 1703 1098 1754 Gregorii
1128 1701 1350 1753 pontificis‚‘

208 1800 220 1819 ¹
245 1799 439 1832 Succeeded
465 1800 622 1832 Hadrian
649 1810 687 1832 as
713 1799 823 1831 abbot
849 1800 885 1831 of
910 1799 970 1830 the
996 1802 1195 1840 monastery
1221 1797 1257 1829 of
1279 1796 1338 1829 SS.

161 1843 263 1875 Peter
276 1843 345 1875 and
360 1843 445 1875 Paul
460 1847 498 1874 at
511 1842 728 1884 Canterbury
740 1843 778 1874 in
793 1843 856 1876 709
870 1852 908 1874 or
923 1843 997 1874 710.

204 1885 217 1905 ²
240 1885 471 1917 Consecrated
486 1887 562 1918 668.

205 1929 218 1946 ³
240 1928 458 1970 Archbishop
474 1929 509 1960 of
524 1927 741 1969 Canterbury
757 1928 832 1960 735.

205 1970 220 1991 ⁸
242 1971 395 2013 Gregory
413 1971 463 2008 ΙΙ,
481 1981 565 2003 once
581 1970 745 2003 librarian
761 1973 800 2002 to
816 1969 878 2002 the
894 1969 1029 2002 chureh
1047 1969 1083 2002 of
1098 1969 1221 2001 Rome-

207 2013 219 2032 ⁵
243 2012 396 2055 Gregory
413 2013 441 2050 1,
458 2013 519 2045 the
535 2013 654 2045 Great.

163 2077 187 2109 4
