1473 2322
402 215 697 254 HISTORIAE
725 214 1180 252 ECCLESIASTICAE

521 275 716 314 GENTIS
745 275 1063 314 ANGLORUM

555 395 715 432 LIBER
743 394 1032 432 SECUNDUS

699 493 817 532 CAP.
847 495 866 531 Ι

473 581 534 617 De
551 580 648 617 obitu
668 580 763 617 beati
776 593 903 631 papae
923 579 1107 631 Gregorii.

249 668 325 704 HIS
350 667 616 716 temporibus,
640 667 683 704 id
708 671 784 710 est,
811 679 915 702 anno
941 665 1179 702 Dominicae
1204 667 1385 702 incarna-

198 722 318 758 tionis
343 722 639 759 sexcentesimo
665 721 823 769 quinto,
849 720 994 757 beatus
1020 731 1126 768 papa
1152 718 1387 768 Gregorius,

197 778 414 825 postquam
441 774 581 811 sedem
611 772 816 810 Romanae
845 777 889 810 et
917 771 1161 822 apostolieae
1190 771 1385 809 ecclesiae

198 827 394 865 tredecim
422 840 561 870 annos,
587 840 747 864 menses
773 839 860 869 seX,
888 830 932 863 et
958 825 1044 863 dies
1071 825 1213 862 decem
1240 823 1387 875 glorio-

198 882 352 918 sissime
369 882 489 923 rexit,
506 879 721 917 defunctus
740 883 817 923 est,
833 883 959 928 atque
976 878 1028 915 ad
1044 883 1254 916 aeternam
1271 878 1386 927 regni

199 933 384 971 caelestis
414 933 554 971 sedem
585 932 818 970 translatus.
873 932 938 969 De
969 944 1049 982 quo
1081 944 1152 969 nos
1183 933 1387 975 convenit,

199 989 294 1036 quia
311 991 505 1030 nostram,
523 986 564 1023 id
583 990 646 1023 est
664 985 903 1036 Anglorum‚
921 990 1089 1036 gentem
1108 985 1159 1023 de
1178 988 1386 1034 potestate

198 1039 374 1078 Satanae
409 1040 461 1077 ad
496 1040 617 1077 fidem
653 1038 800 1076 Christi
835 1052 908 1076 sua
941 1039 1139 1075 industria
1172 1039 1387 1081 convertit,

197 1093 384 1131 latiorem
429 1095 471 1130 in
516 1097 655 1130 nostra
700 1092 880 1130 Historia
925 1091 1207 1129 Ecclesiastiea
1252 1090 1387 1128 faeere

198 1160 440 1190 sermonem,
463 1159 584 1197 quem
608 1150 719 1184 recte
742 1150 924 1183 nostrum
948 1144 1153 1195 appellare
1175 1156 1386 1194 possumus

200 1204 243 1237 et
268 1200 463 1237 debemus
489 1198 729 1248 apostolum.
784 1198 891 1245 Quia
915 1211 1006 1235 cum
1032 1201 1205 1248 primum
1231 1199 1270 1233 in
1297 1200 1387 1234 toto

199 1253 295 1290 orbe
327 1252 609 1302 pontificatum
640 1256 818 1303 gereret,
851 1256 894 1289 et
921 1253 1119 1289 conversis
1152 1249 1388 1288 iamdudum

200 1306 251 1344 ad
275 1306 397 1344 fidem
421 1308 604 1344 veritatis
629 1310 738 1343 esset
761 1305 966 1356 praelatus
993 1304 1184 1345 ecelesiis,
1208 1308 1388 1342 nostram

199 1364 367 1411 gentem
408 1364 577 1397 eatenus
618 1358 733 1396 idolis
772 1361 1061 1408 mancipatam,
1101 1357 1248 1395 Christi
1289 1356 1388 1394 fecit

200 1412 425 1457 ecclesiam,
443 1415 502 1449 ita
520 1417 566 1450 ut
584 1411 848 1462 apostolicum
867 1411 979 1449 illum
997 1412 1049 1449 de
1068 1424 1116 1449 eo
1134 1410 1255 1448 liceat
1273 1410 1387 1448 nobis

199 1467 378 1517 proferre
395 1479 646 1504 sermonem:
678 1468 773 1516 quia
790 1467 867 1503 etsi
886 1465 971 1502 aliis
989 1478 1068 1502 non
1087 1469 1150 1502 est
1168 1462 1388 1513 apostolus,

200 1520 272 1558 sed
298 1524 438 1558 tamen
466 1520 580 1557 nobis
609 1524 694 1563 est3
736 1532 831 1556 nam
857 1517 1109 1570 signaculum
1136 1516 1387 1568 apostolatus

203 1575 287 1611 eius
306 1587 377 1611 nos
395 1586 532 1611 sumus
550 1575 590 1609 in
608 1571 798 1610 Domino.

250 1626 350 1663 Erat
376 1631 515 1664 autem
541 1628 705 1663 natione
733 1626 950 1669 Romanus,
976 1638 999 1662 a
1023 1629 1141 1674 patre
1167 1623 1387 1668 Gordiano,

198 1693 327 1730 genus
350 1692 373 1716 a
394 1681 551 1730 proavis
573 1693 652 1716 non
674 1678 804 1716 solum
826 1678 975 1723 nobile,
996 1679 1069 1716 sed
1091 1682 1135 1715 et
1155 1676 1386 1727 religiosum

198 1733 361 1771 ducens.
416 1732 606 1783 Denique
641 1732 754 1770 Felix
788 1732 969 1770 eiusdem
1003 1730 1247 1781 apostolicae
1280 1730 1386 1767 sedis

198 1786 403 1837 quondam
422 1788 647 1835 episcopus,
666 1788 725 1822 vir
742 1799 915 1836 magnae
933 1784 1086 1836 gloriae
1105 1787 1145 1821 in
1165 1783 1324 1820 Christo
1344 1788 1387 1820 et

200 1839 382 1883 ecclesia,
424 1841 510 1878 eius
551 1839 630 1876 fuit
671 1844 827 1876 atavus.
881 1837 962 1876 Sed
1003 1840 1089 1888 ipse
1130 1836 1386 1874 nobilitatem

330 1923 343 1944 ¹
366 1924 517 1955 590-604
534 1923 585 1954 Pl.
803 1923 817 1942 ²
842 1923 857 1954 1
876 1922 951 1955 Cor.
969 1924 1000 1955 9.
1017 1922 1049 1953 2.

330 1968 342 1986 ³
364 1966 459 1998 Felix
477 1966 531 1997 111
549 1967 601 2005 (or
617 1965 681 2004 Π),
699 1965 820 2007 bishop
837 1965 872 1997 of
889 1965 998 1996 Romo
1014 1964 1177 2002 483—492,
1194 1963 1247 1997 Pl.

331 2011 343 2028 4
366 2012 482 2041 atavus
498 2019 606 2041 seems
623 2008 707 2040 used
722 2010 760 2041 in
775 2019 797 2040 a
812 2008 947 2051 general
964 2017 1070 2040 sense.

200 2060 267 2099 154
