1473 2322
468 148 580 186 THE
615 147 945 186 VENERABLE
979 149 1126 187 BEDE

207 251 355 301 gaudio
375 263 557 289 reversus
579 255 653 288 est.
708 250 838 288 Erant
859 256 997 288 autem
1018 252 1246 302 presbyteri
1267 252 1394 299 Cedd,

208 311 251 343 et
267 305 400 350 Adda,
417 310 461 342 et
476 304 602 349 Betti,
619 309 664 342 et
680 304 844 349 Diuma,
862 317 1031 354 quorum
1049 305 1212 342 ultimus
1229 309 1393 345 natione

207 359 383 403 Scottus,
409 360 535 396 ceteri
562 357 676 396 fuere
704 358 755 396 de
783 358 938 408 Anglis.
992 358 1113 396 Adda
1140 365 1278 398 autem
1306 366 1394 398 erat

207 412 333 450 frater
360 412 506 457 Uttan,
526 413 753 463 presbyteri
771 412 962 457 inlustris,
982 418 1026 450 et
1052 413 1210 450 abbatis
1236 427 1393 452 monas-

206 468 298 504 terii
327 466 436 516 quod
468 472 634 503 vocatur
670 466 737 503 Ad
774 465 929 516 Caprae
958 465 1106 516 Caput,
1134 469 1246 504 cuius
1274 480 1395 518 supra

205 522 473 558 meminimus.
526 519 747 558 Venientes
760 533 856 570 ergo
870 522 911 556 in
924 522 1168 570 provinciam
1182 524 1394 560 memorati

207 574 437 612 sacerdotes
468 586 560 610 cum
591 576 785 624 principe,
816 574 1106 624 praedicabant
1138 575 1319 620 verbum,
1351 581 1394 614 et

206 628 382 665 libenter
398 627 525 665 auditi
542 633 650 673 sunt,
666 627 866 678 multique
883 628 1064 678 quotidie
1082 633 1125 666 et
1141 628 1334 666 nobilium
1352 636 1394 668 et

207 682 468 726 infirmorum,
487 682 777 719 abrenunciata
795 682 911 719 sorde
930 681 1156 727 idolatriae,
1176 682 1270 720 fidei
1299 689 1394 721 sunt

206 736 320 773 fonte
342 735 482 773 abluti.

258 790 343 827 Nec
367 788 573 839 prohibuit
598 787 737 826 Penda
760 801 847 833 rex,
872 790 969 838 quin
995 790 1119 826 etiam
1143 791 1184 825 in
1209 802 1295 834 sua,
1319 788 1394 827 hoc

207 849 284 888 est,
300 842 545 881 Merciorum
558 845 737 887 natione,
752 843 933 887 verbum,
948 844 979 879 si
994 845 1062 892 qui
1077 841 1228 880 vellent
1242 843 1394 889 audire,

206 897 519 947 praedicaretur.
574 895 682 942 Quin
694 899 828 945 potius
839 896 930 933 odio
942 895 1135 941 habebat,
1148 902 1191 934 et
1202 897 1395 946 despicie-

207 953 278 988 bat
306 964 388 996 eos,
416 963 515 1001 quos
544 950 623 988 fide
651 949 799 987 Christi
825 951 1017 994 imbutos,
1044 963 1166 999 opera
1194 950 1286 988 fidei
1314 965 1394 988 non

207 1005 357 1043 habere
386 1003 670 1054 deprehendit,
699 1004 835 1041 dicens
864 1004 1181 1041 contemnendos
1210 1018 1297 1042 esse
1327 1018 1394 1043 eos

207 1064 250 1097 et
275 1061 440 1096 miseros
467 1060 536 1108 qui
562 1057 653 1096 Deo
678 1070 750 1095 suo
775 1060 816 1094 in
843 1070 965 1107 quem
991 1058 1205 1096 crederent
1230 1059 1393 1096 obedire

206 1117 527 1150 contemnerent.
583 1111 740 1161 Coepta
789 1116 885 1149 sunt
935 1111 1034 1149 haec
1084 1113 1247 1149 biennio
1298 1118 1394 1150 ante

207 1172 379 1204 mortem
423 1165 589 1204 Pendan
630 1168 749 1215 regis.
805 1165 898 1215 Ipso
940 1170 1078 1203 autem
1120 1168 1262 1211 occiso,
1302 1179 1393 1204 cum

207 1221 334 1258 Osuiu
362 1233 432 1257 rex
463 1219 711 1257 Christianus
738 1232 910 1269 regnum
939 1222 1023 1257 eius
1053 1222 1254 1269 acciperet
1281 1225 1328 1257 ut
1354 1222 1395 1257 in

206 1275 470 1325 sequentibus
510 1274 703 1318 dicemus,
741 1272 873 1310 factus
913 1279 975 1310 est
1014 1272 1165 1310 Diuma
1202 1286 1305 1311 unus
1343 1287 1394 1312 ex

207 1327 399 1379 praefatis
435 1333 609 1378 quatuor
642 1327 917 1365 sacerdotibus
953 1329 1162 1376 episcopus
1199 1326 1395 1366 Mediter-

207 1395 419 1420 raneorum
444 1381 668 1431 Anglorum
694 1380 811 1418 simul
837 1386 879 1419 et
906 1380 1164 1425 Merciorum3
1188 1381 1395 1420 ordinatus

208 1450 231 1473 a
276 1436 429 1473 Finano
474 1438 674 1485 episcopo.
756 1434 941 1472 Paucitas
988 1437 1095 1472 enim
1140 1435 1395 1473 sacerdotum

206 1491 381 1540 cogebat
415 1502 541 1527 unum
576 1490 802 1526 antistitem
838 1489 993 1526 duobus
1028 1487 1185 1538 populis
1218 1489 1393 1538 praefici.

207 1544 286 1590 Qui
315 1556 407 1581 cum
435 1556 564 1592 pauco
593 1543 668 1580 sub
696 1547 881 1591 tempore
910 1555 991 1579 non
1019 1555 1190 1591 paucam
1218 1541 1394 1580 Domino

206 1597 368 1648 plebem
381 1597 636 1647 adquisisset,
647 1595 862 1634 defunctus
876 1601 937 1633 est
950 1596 1058 1645 apud
1072 1595 1394 1634 Mediterraneos

206 1651 375 1702 Anglos,
421 1653 462 1687 in
508 1653 673 1700 regione
721 1663 826 1700 quae
873 1655 1038 1686 vocatur
1085 1649 1393 1701 Infeppingum:

206 1707 465 1755 suscepitque
495 1717 568 1753 pro
597 1703 665 1741 illo
696 1706 973 1753 episcopatum
1004 1702 1205 1748 Ceollach‚
1236 1709 1279 1742 et
1308 1706 1394 1754 ipse

207 1760 258 1798 de
287 1761 452 1796 natione
481 1757 726 1801 Scottorum,
756 1759 823 1808 qui
854 1770 933 1794 non
963 1756 1091 1794 multo
1120 1762 1226 1806 post,
1254 1756 1394 1795 relicto

207 1815 456 1863 episcopatu,
484 1824 666 1850 reversus
696 1816 759 1849 est
788 1811 839 1848 ad
867 1810 1038 1848 insulam
1067 1810 1149 1855 Hii,
1178 1811 1245 1848 ubi
1274 1810 1395 1860 pluri-

207 1881 361 1904 morum
384 1871 506 1916 caput
527 1871 569 1903 et
590 1878 722 1903 arcem
742 1863 870 1902 Scotti
890 1864 1068 1902 habuere
1089 1865 1394 1902 coenobiorum:

454 1978 464 1996 ¹
489 1976 694 2011 Gateshead,
712 1986 756 2008 on
771 1975 832 2007 the
847 1975 953 2016 Tyne.

453 2021 464 2038 '-‘
489 2020 560 2051 Not
574 2018 762 2057 identified,
779 2018 948 2060 probably
963 2019 999 2049 in
1014 2017 1150 2050 Meroia.
