1473 2322
210 323 522 361 CUTHBERTI
562 323 829 360 EPISTOLA
868 324 946 360 AD
985 324 1287 363 CUTHINUM

209 426 230 438 “
250 425 520 463 Dilectissimo
574 427 614 461 in
671 425 828 462 Christo
884 425 1085 463 collectori
1141 427 1342 465 Cuthuino

160 479 406 516 Cuthbertus
422 477 728 527 condiscipulus,
743 481 783 515 in
800 478 890 516 Deo
912 485 1120 516 aeternam
1141 480 1341 518 salutem.¹

209 532 230 545 “
253 532 536 568 Munusculum
590 532 697 581 quod
748 535 891 569 misisti
942 533 1115 569 multum
1168 533 1342 571 libenter

158 588 335 634 suscepi3
369 585 622 634 multumque
651 590 860 634 gratanter
885 585 1021 622 literas
1047 592 1144 622 tuae
1172 587 1341 624 devotae

159 639 390 676 eruditionis
404 638 498 687 legi,
512 641 552 674 in
567 639 724 687 quibus,
738 639 845 688 quod
859 641 1035 676 maxime
1050 640 1342 685 desiderabam,

157 695 296 729 missas
326 691 513 728 videlicet
544 697 587 728 et
617 694 816 728 orationes
847 698 1118 730 sacrosanctas
1149 706 1220 742 pro
1252 693 1343 731 Deo

158 745 305 783 dilecto
331 751 447 794 patre
476 758 521 781 ac
548 750 684 781 nostro
711 747 904 794 magistro
932 745 1044 782 Beda
1070 759 1094 782 a
1121 747 1230 783 vobis
1258 747 1343 784 dili-

157 805 304 848 genter
333 798 525 835 celebrari
556 800 699 847 reperi.
756 798 875 835 Unde
906 798 1085 836 delectat
1114 802 1242 849 magis
1272 813 1343 850 pro

160 855 244 890 eius
263 854 447 896 caritate,
466 856 662 901 quantum
681 850 788 888 fruor
806 854 981 901 ingenio,
999 855 1134 901 paucis
1154 856 1343 890 sermoni-

158 907 231 942 bus
256 905 390 942 dicere
416 918 493 954 quo
517 905 655 942 ordine
677 906 865 954 migravit
888 918 910 942 e
933 904 1080 950 seculo,
1103 919 1194 942 cum
1218 909 1342 944 etiam

160 959 233 996 hoc
253 964 295 996 te
317 959 564 996 desiderasse
585 963 627 995 et
646 960 871 1007 poposcisse
891 958 1085 996 intellexi.

209 1012 452 1049 “Gravatus
495 1011 659 1060 quidem
701 1017 765 1048 est
805 1011 1041 1049 infirmitate
1083 1017 1127 1049 et
1166 1015 1342 1051 maxime

158 1066 387 1103 creberrimi
409 1064 625 1109 anhelitus,
645 1078 750 1114 pene
772 1066 856 1102 sine
879 1064 1013 1114 aliquo
1034 1064 1170 1103 dolore
1190 1071 1343 1111 tamen,

159 1125 254 1156 ante
291 1119 399 1156 diem
437 1118 755 1155 Resurrectionis
790 1116 1044 1163 Dominicae‚
1075 1119 1117 1156 id
1150 1125 1227 1164 est,
1257 1119 1343 1157 fere

158 1173 314 1210 duabus
327 1171 663 1213 hebdomadibus3
683 1177 726 1208 et
738 1173 793 1208 sic
806 1177 948 1220 postea
961 1171 1093 1208 laetus
1107 1177 1150 1209 et
1162 1173 1344 1222 gaudens

158 1228 391 1275 gratiasque
429 1238 553 1274 agens
591 1224 875 1274 Omnipotenti
913 1224 1017 1269 Deo,
1053 1228 1161 1261 omni
1198 1226 1264 1264 die
1301 1232 1344 1264 et

159 1286 292 1323 nocte,
309 1281 390 1315 imo
407 1277 514 1315 horis
531 1278 731 1322 omnibus,
748 1291 875 1327 usque
895 1278 946 1314 ad
963 1278 1072 1315 diem
1089 1279 1344 1317 Ascensionis

158 1333 412 1376 Dominicae‚
442 1331 484 1368 id
520 1337 597 1375 est,
625 1333 798 1380 septimo
838 1330 1042 1368 Kalendas
1079 1330 1184 1368 Iunii
1219 1335 1344 1369 vitam

159 1387 349 1429 ducebat,
380 1390 423 1422 et
452 1385 566 1421 nobis
597 1387 677 1420 suis
707 1384 910 1433 discipulis
940 1385 1121 1433 quotidie
1149 1384 1344 1423 lectiones

158 1440 299 1483 dabat,
320 1444 363 1476 et
384 1438 581 1488 quidquid
601 1437 800 1487 reliquum
823 1443 910 1474 erat
932 1438 1012 1475 diei
1032 1440 1073 1474 in
1095 1437 1344 1476 Psalmorurn

158 1498 295 1535 cantu,
332 1497 454 1542 prout
489 1493 639 1541 potuit,
683 1504 725 1528 se
770 1491 1018 1540 occupabat3
1075 1496 1206 1528 totam
1250 1505 1344 1530 vero

158 1552 319 1583 noctem
365 1548 406 1581 in
450 1544 609 1581 laetitia
655 1550 697 1581 et
736 1547 959 1593 gratiarum
998 1546 1156 1582 actione
1196 1544 1344 1583 ducere

159 1599 367 1643 studebat,
390 1600 466 1635 nisi
489 1603 687 1647 quantum
716 1598 896 1634 modicus
924 1610 1086 1634 somnus
1114 1598 1342 1647 impediret.

161 1654 349 1702 Itemque
390 1657 529 1688 autem
569 1651 763 1700 evigilans
802 1653 942 1687 statim
982 1656 1177 1688 consueta
1215 1650 1343 1701 Scrip-

158 1713 340 1744 turarum
368 1704 642 1742 modulamina
669 1704 900 1740 ruminabat
929 1706 1189 1753 extensisque
1217 1708 1343 1741 mani-

204 1789 218 1809 ²
241 1789 313 1821 ΤΙιθ
338 1791 417 1820 text
442 1788 477 1819 of
502 1788 572 1819 this
597 1787 699 1818 lether
726 1787 836 1818 varies
862 1785 1099 1827 oonsiderably
1123 1786 1159 1818 in
1185 1787 1343 1819 different

159 1832 323 1863 versione.
368 1831 439 1862 The
469 1834 547 1861 text
576 1830 655 1861 here
685 1830 769 1860 used
797 1830 826 1860 is
857 1829 937 1860 that
966 1830 1065 1869 given
1095 1829 1131 1860 in
1160 1829 1343 1871 Moberly's

159 1876 289 1907 edition
306 1874 390 1905 with
407 1884 499 1904 some
516 1873 717 1904 alterations
733 1872 839 1903 taken
855 1872 943 1903 from
959 1872 1080 1913 Mayor
1095 1872 1165 1903 and
1180 1872 1328 1915 Lumby.

567 1991 580 2011 ²
603 1991 674 2022 The
692 1991 774 2022 date
788 1991 823 2021 in
841 1992 914 2022 735.

161 2056 253 2091 xxvi
