1473 2322
419 150 529 188 THE
565 150 895 188 VENERABLE
930 149 1076 188 BEDE

640 294 758 332 CAP.
788 294 866 332 VII

163 381 212 419 Ut
244 380 414 418 flIellz'tuS
445 380 638 431 episcopus
657 381 841 430 flammas
869 380 1031 418 ardentis
1059 394 1149 419 suae
1179 381 1340 419 civitatis

593 433 733 471 orando
751 433 971 471 restinxerit.

207 520 295 558 Hoc
329 521 438 558 enim
472 524 672 571 regnante
707 533 804 570 rege
839 520 985 558 beatus
1020 519 1341 570 archiepiscopus

157 579 398 616 Laurentius
434 591 605 629 regnum
641 577 819 616 caeleste
855 579 1104 623 conscendit,
1140 583 1265 629 atque
1300 581 1342 616 in

156 637 324 676 ecclesia
357 642 400 676 et
432 639 678 675 monasterio
712 639 841 675 sancti
876 636 1048 687 apostoli
1083 636 1193 676 Petri
1227 639 1342 675 iuxta

154 697 504 747 praedecessorem
530 710 647 735 suum
673 697 950 747 Augustinum
976 695 1160 746 sepultus
1187 701 1250 735 est
1276 697 1342 734 die

155 760 299 806 quarto
313 768 509 793 nonarum
529 755 861 794 Februariarum:
888 759 981 805 post
1000 767 1121 804 quem
1144 755 1342 799 Mellitus,

155 817 223 865 qui
243 818 332 852 erat
351 813 588 852 Lundoniae
618 816 843 864 episcopus,
862 813 1001 851 sedem
1023 813 1341 852 Doruvernensis

155 871 347 910 ecclesiae
389 874 535 910 tertius
579 872 631 910 ab
673 872 903 923 Augustino
946 875 1146 922 suscepit:
1206 872 1340 910 Iustus

155 935 293 969 autem
307 930 438 969 adhuc
452 935 657 981 superstes
672 930 915 968 Hrofensem
929 931 1101 981 regebat
1116 930 1340 969 ecclesiam.

155 989 234 1036 Qui
255 1002 347 1027 cum
368 1002 517 1040 magna
539 988 749 1028 ecclesiam
771 988 996 1040 Anglorum
1018 1002 1114 1026 cura
1135 1003 1181 1027 ac
1202 989 1341 1028 labore

153 1049 443 1099 gubernarent,
489 1052 755 1098 susceperunt
800 1051 950 1098 scripta
995 1047 1272 1086 exhortatoria
1318 1061 1341 1085 a

153 1107 343 1158 pontifice
376 1107 582 1145 Romanae
617 1112 659 1145 et
695 1106 938 1157 apostolicae
983 1107 1088 1145 sedis
1122 1107 1340 1150 Bonifatio,

155 1169 222 1217 qui
242 1171 335 1217 post
355 1166 586 1204 Deusdedit
608 1166 800 1204 ecclesiae
821 1165 1013 1216 praefuit,
1035 1179 1140 1202 anno
1160 1168 1341 1203 incarna-

154 1229 273 1264 tionis
299 1225 538 1264 Doxninicae
564 1228 859 1264 sexcentesimo
886 1226 1042 1264 decimo
1068 1239 1186 1262 nono.
1241 1226 1339 1262 Erat

155 1290 292 1323 autem
319 1284 503 1323 Mellitus
528 1286 702 1334 corporis
729 1284 894 1335 quidem
919 1284 1171 1329 infirmitate,
1195 1285 1237 1321 id
1264 1289 1339 1328 est,

154 1345 333 1395 podagra
344 1348 550 1394 gravatus,
563 1343 635 1382 sed
647 1345 794 1381 mentis
807 1343 1009 1394 gressibus
1023 1345 1142 1387 sanis,
1156 1342 1340 1381 alacriter

154 1408 317 1441 terrena
362 1416 549 1453 quaeque
595 1401 838 1447 transiliens,
883 1406 1007 1452 atque
1053 1402 1105 1440 ad
1149 1401 1341 1440 caelestia

154 1475 313 1511 semper
342 1461 529 1505 amanda,
557 1461 752 1510 petenda,
781 1464 825 1499 et
854 1460 1086 1511 quaerenda
1114 1459 1337 1510 pervolans.

154 1521 253 1557 Erat
295 1522 422 1557 carnis
466 1522 620 1570 origine
662 1518 821 1564 nobilis,
862 1519 935 1557 sed
976 1518 1150 1557 culmine
1190 1521 1338 1557 mentis

154 1578 334 1616 nobilior.

204 1637 393 1688 Denique
438 1641 485 1674 ut
529 1650 655 1674 unum
699 1638 858 1675 virtutis
904 1638 1004 1681 eius,
1049 1636 1156 1674 unde
1201 1640 1336 1675 cetera

154 1695 324 1746 intelligi
368 1698 537 1745 possint,
579 1698 859 1734 testimonium
901 1695 1097 1739 referam3
1153 1699 1337 1745 tempore

153 1755 327 1805 quodam
361 1756 501 1792 civitas
529 1754 848 1792 Doruvernensis
875 1766 948 1803 per
975 1753 1134 1803 culpam
1160 1755 1336 1791 incuriae

152 1815 235 1863 igni
267 1817 466 1862 correpta,
499 1813 846 1850 crebrescentibus
878 1814 1012 1861 coepit
1044 1811 1213 1849 flammis
1245 1825 1336 1848 con-

152 1873 277 1909 sumi:
328 1872 472 1921 quibus
508 1884 600 1908 cum
636 1870 745 1907 nullo
782 1883 977 1920 aquarum
1012 1871 1163 1907 iniectu
1199 1874 1336 1918 posset

152 1929 292 1980 aliquis
315 1930 526 1973 obsistere,
547 1931 708 1979 iamque
731 1931 904 1966 civitatis
934 1932 1041 1966 esset
1062 1941 1153 1977 pars
1175 1933 1333 1966 vastata

613 2019 625 2038 ²
650 2018 810 2049 Bonifaoe
826 2018 866 2049 V.

152 2066 221 2113 236
