1473 2322
422 138 534 176 THE
570 136 901 175 VENERABLE
938 136 1084 174 BEDE

159 243 286 294 gloria
314 245 510 293 sequitur.
564 241 780 279 Remeanti
808 246 948 279 autem
975 242 1205 291 Augustino
1233 251 1347 289 prae-

160 300 292 347 posito
312 302 460 340 vestro,
480 308 602 346 quem
623 301 665 333 et
691 295 884 332 abbatem
912 294 1024 331 vobis
1051 296 1348 337 constituimus,

160 354 202 387 in
228 350 413 387 omnibus
441 348 648 386 humiliter
675 348 863 385 obedite:
900 350 1074 385 scientes
1102 346 1178 384 hoc
1204 349 1348 384 vestris

161 404 371 440 animabus
398 416 472 452 per
500 404 635 439 omnia
661 400 932 451 profuturum,
960 400 1158 451 quidquid
1185 413 1210 437 a
1236 400 1349 437 vobis

160 457 285 494 fuerit
303 459 345 493 in
366 458 451 494 eius
472 456 747 493 admonitione
765 454 1026 504 completum.
1079 453 1349 503 Omnipotens

164 510 276 548 Deus
314 523 387 547 sua
424 522 492 546 vos
530 511 663 560 gratia
705 513 911 559 protegat,
949 513 992 546 et
1035 509 1158 545 vestri
1201 506 1347 544 laboris

161 563 338 600 fructum
357 565 399 600 in
418 568 586 600 aeterna
604 575 670 600 me
689 563 821 612 patria
839 561 976 599 videre
995 560 1214 605 concedat3
1251 572 1349 610 qua-

162 623 281 655 tenus
298 619 374 654 etsi
392 617 598 654 vobiscum
612 615 795 653 laborare
812 628 986 664 nequeo,
1001 613 1119 651 simul
1141 616 1183 650 in
1200 613 1349 664 gaudio

162 671 438 708 retributionis
476 672 668 713 inveniar,
707 671 802 719 quia
838 668 1020 705 laborare
1057 667 1209 705 scilicet
1246 666 1347 704 volo.

164 724 276 761 Deus
295 737 363 761 vos
380 722 600 760 incolumes
617 722 833 766 custodiat,
851 721 1098 760 dilectissimi
1116 720 1197 757 filii.

215 777 238 790 “
258 777 369 814 Data
419 777 485 814 die
537 777 694 814 decima
742 775 1008 813 kalendarum
1058 774 1349 825 Augustarum,

163 833 391 880 imperante
416 830 578 867 domino
603 834 740 866 nostro
768 828 964 866 Mauricio
988 827 1148 866 Tiberio
1172 829 1349 877 piissimo

164 886 351 935 Augusto
398 896 503 920 anno
550 883 706 921 decimo
753 887 912 932 quarto,
958 885 1051 932 post
1096 880 1349 918 consulatum

167 938 349 975 eiusdem
367 937 518 974 domini
536 939 662 974 nostri
681 949 785 973 anno
804 936 959 974 decimo
977 936 1114 980 tertio,
1130 934 1349 972 indictione

166 992 323 1028 decima
342 988 530 1041 quarta.”

622 1255 739 1294 CAP.
776 1256 912 1293 XXIV

174 1343 222 1380 Ut
248 1343 453 1380 Arelatem
479 1342 647 1393 episcopo
672 1342 862 1393 epistolam
883 1355 954 1392 pro
980 1354 1101 1378 eorum
1127 1341 1352 1392 susceptione

671 1402 821 1433 meserzt.

223 1482 349 1520 M1slT
377 1485 501 1521 etiam
529 1488 626 1520 tunc
653 1482 782 1519 isdem
809 1481 1060 1519 venerandus
1088 1479 1272 1530 pontifex
1301 1481 1352 1518 ad

169 1536 380 1574 Etherium
400 1536 683 1574 Arelatensem
703 1534 1076 1584 archiepiscopum,l
1095 1540 1142 1571 ut
1160 1535 1353 1584 Augusti-

168 1603 265 1627 num
276 1590 517 1627 Brittaniam
525 1594 765 1640 pergentem
772 1589 948 1639 benigne
955 1587 1352 1638 susciperet‚litteras

170 1656 340 1693 quarum
358 1646 435 1681 iste
455 1649 517 1681 est
535 1649 696 1680 textus:

221 1696 243 1709 “
262 1696 601 1735 Reverentissimo
647 1702 690 1734 et
734 1697 983 1732 sanctissimo
1027 1694 1141 1731 fratri
1186 1693 1353 1732 Etherio

171 1752 420 1800 coepiscopO,
441 1749 658 1800 Gregorius
677 1762 814 1786 servus
832 1761 1037 1786 servorum
1057 1747 1149 1785 Dei.

221 1802 380 1842 “Licet
411 1804 519 1854 apud
550 1803 779 1841 sacerdotes
810 1801 1009 1840 habentes
1041 1800 1132 1839 Deo
1163 1799 1352 1851 placitam

581 1896 594 1907 ⁴
617 1886 684 1918 For
699 1886 900 1927 episcopum,
915 1885 967 1917 Pl.

221 1977 233 1996 ¹
257 1974 447 2006 Indictions
469 1984 526 2004 are
548 1973 658 2014 cycles
680 1973 716 2004 of
737 1971 855 2004 fifteen
875 1981 985 2014 years.
1032 1971 1182 2012 Gregory
1204 1980 1274 2003 was
1295 1970 1355 2002 the

176 2019 250 2050 first
266 2027 354 2059 pope
369 2020 407 2048 to
424 2017 548 2049 reckon
562 2017 599 2048 in
615 2016 684 2047 this
700 2025 789 2056 way.

177 2084 247 2118 104
