1473 2322
419 116 530 153 THE
566 115 897 153 VENERABLE
933 116 1081 154 BEDE

210 221 434 271 Respondit
457 220 687 271 Gregorius.
741 219 764 233 “
783 220 903 257 Hunc
924 220 1088 271 quidem
1108 219 1344 258 Testamen-

162 288 250 320 tum
282 285 430 320 veteris
462 281 598 332 Legis,
628 284 733 319 sicut
761 284 803 319 in
833 284 1026 332 superiori
1057 282 1232 331 capitulo
1262 285 1343 319 iam

161 345 349 387 diximus,
377 343 577 393 pollutum
604 343 716 388 dicit,
744 348 787 381 et
813 345 889 380 nisi
915 343 1043 381 lotum
1070 356 1190 394 aqua,
1216 356 1344 394 usque

162 407 213 443 ad
236 418 446 455 vesperam
467 408 619 443 intrare
642 405 852 443 ecclesiam
873 418 953 442 non
976 406 1173 443 concedit.
1226 405 1343 452 Quod

160 473 299 504 tamen
318 466 436 504 aliter
452 466 624 516 populus
641 466 829 517 spiritalis
846 466 1091 518 intelligens,
1108 467 1183 504 sub
1202 467 1345 505 eodem

160 528 371 566 intellectu
400 531 571 578 accipiet
599 541 678 578 quo
706 527 880 578 praefati
908 541 1067 566 sumus:
1109 531 1204 579 quia
1232 531 1345 579 quasi

160 607 233 644 per
272 595 471 630 somnium
510 592 706 630 inluditur
745 595 813 643 qui
853 598 1039 631 tentatur
1077 594 1346 638 immunditia,

161 657 264 693 veris
306 655 549 706 imaginibus
591 657 632 691 in
675 657 922 705 cogitatione
963 657 1220 705 inquinatur3
1275 655 1347 693 sed

161 717 354 754 lavandus
387 722 450 755 est
481 730 600 767 aqua,
632 722 678 754 ut
709 716 845 767 culpas
877 716 1133 767 ecgitationis
1162 717 1348 768 lacrymis

162 779 324 816 abluat:
353 784 397 817 et
410 781 485 816 nisi
502 781 610 828 prius
625 781 728 829 ignis
744 781 982 816 tentationis
1000 778 1220 824 reciderit)
1235 793 1349 817 reum

163 854 207 878 se
232 843 345 891 quasi
371 854 498 890 usque
524 840 576 878 ad
600 853 813 890 vesperum
837 845 1065 891 cognoscat.
1119 839 1200 878 Sed
1223 846 1286 878 est
1308 843 1350 877 in

165 902 309 941 eadem
348 902 545 939 inlusione
585 902 702 940 valde
741 905 966 940 necessaria
1005 903 1207 948 discretio,
1245 916 1350 953 quae

164 964 368 1002 subtiliter
395 965 556 1013 pensari
584 963 749 1008 debeat,
779 977 830 1001 ex
859 977 939 1014 qua
966 977 1010 1002 re
1039 964 1196 1002 accidat
1222 966 1350 1002 menti

165 1018 423 1055 dormientis:
468 1017 683 1067 aliquando
714 1020 822 1055 enim
851 1030 902 1055 ex
931 1017 1108 1067 crapula,
1136 1017 1351 1068 aliquando

166 1093 216 1117 ex
248 1084 419 1116 naturae
450 1078 732 1129 superfluitate
763 1079 827 1117 vel
856 1078 1107 1125 infirmitate,
1137 1079 1352 1130 aliquando

168 1155 219 1179 ex
245 1143 492 1192 cogitatione
518 1143 730 1192 contingit.

223 1209 246 1226 “
262 1203 317 1240 Et
342 1204 506 1254 quidem
528 1216 619 1240 cum
640 1216 690 1241 ex
710 1209 881 1241 naturae
901 1202 1182 1254 superfluitate
1207 1203 1272 1242 vel
1296 1207 1351 1241 in-

172 1265 364 1303 firmitate
395 1267 590 1309 evenerit,
618 1265 848 1302 omnimodo
881 1264 982 1303 haec
1012 1265 1156 1303 inlusio
1181 1279 1262 1302 non
1292 1271 1352 1303 est

168 1327 373 1371 timenda3
425 1328 520 1376 quia
562 1326 666 1364 hanc
711 1329 890 1364 animum
929 1329 1179 1365 nescientem
1217 1333 1354 1378 pertu-

166 1389 258 1426 lisse
279 1390 409 1439 magis
438 1388 657 1426 dolendum
683 1394 760 1434 est,
782 1402 905 1439 quam
926 1388 1081 1428 fecisse.
1138 1389 1241 1427 Cum
1260 1403 1354 1427 vero

171 1451 277 1488 ultra
297 1451 463 1488 modum
484 1453 691 1500 appetitus
717 1450 837 1501 gulae
859 1453 900 1487 in
921 1451 1126 1489 sumendis
1154 1451 1355 1489 alimentis

169 1515 336 1562 rapitur,
375 1518 500 1562 atque
538 1513 684 1550 idcirco
724 1511 938 1550 humorum
973 1513 1231 1563 receptacula
1266 1526 1356 1565 gra—

171 1579 328 1619 vantur,
357 1573 483 1612 habet
512 1574 659 1612 exinde
688 1577 844 1612 animus
874 1574 1050 1625 aliquem
1077 1580 1251 1620 reatum,
1276 1588 1356 1612 non

169 1642 308 1673 tamen
343 1649 471 1686 usque
510 1636 562 1673 ad
596 1635 909 1685 prohibitionem
943 1637 1191 1686 percipiendi
1228 1639 1355 1674 sancti

170 1699 366 1748 mysterii,
397 1697 460 1735 vel
490 1700 701 1734 missarum
731 1697 940 1736 sollemnia
968 1697 1222 1736 celebrandi:
1265 1712 1356 1736 cum

170 1759 340 1797 fortasse
355 1765 427 1796 aut
440 1758 568 1797 festus
583 1760 667 1797 dies
683 1762 825 1810 exigit,
839 1765 911 1797 aut
924 1759 1107 1798 exhiberi
1118 1763 1357 1811 mysterium

171 1822 259 1871 (pro
297 1835 344 1859 eo
382 1821 491 1871 quod
527 1822 712 1859 sacerdos
751 1821 850 1858 alius
886 1824 928 1858 in
963 1821 1050 1859 loco
1087 1822 1234 1872 deest),
1270 1825 1357 1871 ipsa

171 1885 390 1920 necessitas
408 1882 626 1932 compellit.
680 1882 785 1920 Nam
803 1885 835 1920 si
854 1883 1002 1920 adsunt
1020 1883 1086 1925 alii
1104 1885 1173 1937 qui
1189 1883 1357 1934 implere

559 1975 571 1998 ¹
595 1976 662 2010 For
679 1976 853 2018 recesserit,
871 1976 924 2012 Pl.

170 2037 238 2088 148
