1473 2322
431 126 542 163 THE
579 124 910 163 VENERABLE
946 123 1093 162 BEDE

171 237 369 286 quantum
387 236 549 279 tempus
565 231 692 279 possit
709 227 918 266 ecclesiam
933 227 1113 265 intrare?
1144 232 1216 264 aut
1233 229 1352 265 etiarn

171 315 223 339 ne
254 306 385 338 morte
416 304 735 349 praeoccupetur
765 298 874 348 quod
903 299 1105 348 genuerit,
1136 302 1228 347 post
1258 301 1358 347 quot

173 365 258 403 dies
293 364 368 402 hoc
403 364 523 402 liceat
558 365 657 400 sacri
692 363 948 412 baptismatis
984 367 1236 398 sacramenta
1269 373 1358 410 per-

173 429 335 480 cipere?
381 433 453 465 aut
482 433 574 478 post
605 432 803 477 quantum
833 428 1027 476 temporis
1056 425 1148 463 huic
1178 427 1236 462 vir
1265 438 1358 461 suus

172 496 298 543 possit
310 495 351 529 in
365 494 493 530 carnis
505 491 761 541 copulatione
775 490 990 540 coniungi?
1023 495 1095 526 aut
1108 491 1139 526 si
1152 495 1359 527 menstrua

172 557 465 595 consuetudine
487 562 666 600 tenetur,
689 568 739 592 an
763 554 972 592 ecclesiam
993 556 1145 591 intrare
1168 556 1205 591 ei
1225 553 1359 598 liceat,

172 627 244 659 aut
267 635 402 659 sacrae
426 622 715 657 communionis
739 624 992 656 sacramenta
1014 618 1250 668 percipere?
1289 623 1360 654 aut

173 689 231 723 vir
250 699 347 723 suae
367 686 527 736 coniugi
547 686 785 734 permixtus,
806 686 1039 733 priusquam
1059 682 1217 721 lavetur
1241 695 1360 732 aqua,

175 753 206 788 si
229 750 438 788 ecclesiam
459 752 585 799 possit
606 748 784 786 intrare?
820 747 884 786 vel
905 749 1029 785 etiam
1051 747 1103 784 ad
1123 749 1359 797 mysterium

173 816 463 852 communionis
501 826 636 850 sacrae
675 812 895 849 accedere?
949 810 1065 857 Quae
1103 813 1237 848 omnia
1272 810 1359 847 rudi

175 878 399 929 Anglorum
420 879 534 928 genti
556 882 719 927 oportet
739 875 879 913 haberi
901 874 1151 925 comperta.''

226 942 451 992 Respondit
479 941 710 992 Gregorius.
765 939 788 953 “
808 939 895 977 Hoc
923 953 1004 977 non
1032 940 1193 990 ambigo
1220 938 1363 977 frater-

178 1010 351 1044 nitatem
371 1012 484 1044 tuam
505 1019 592 1044 esse
612 1008 862 1056 requisitam,
883 1006 946 1041 cui
964 1006 1045 1041 iam
1067 1009 1109 1042 et
1127 1017 1363 1053 responsum

176 1071 398 1110 reddidisse
428 1084 495 1108 me
526 1071 708 1107 arbitror.
763 1068 844 1107 Sed
873 1068 948 1106 hoc
978 1068 1087 1119 quod
1115 1071 1201 1118 ipse
1231 1068 1363 1106 dicere

178 1141 221 1174 et
243 1138 394 1173 sentire
417 1137 600 1185 potuisti,
622 1134 742 1172 credo
766 1135 861 1184 quia
882 1146 975 1171 mea
997 1132 1106 1183 apud
1127 1137 1171 1170 te
1194 1132 1364 1170 volueris

176 1202 435 1250 responsione
465 1199 624 1236 firmari.
681 1197 832 1235 Mulier
860 1199 1013 1235 etenim
1041 1210 1268 1248 praegnans
1296 1210 1366 1235 cur

178 1278 258 1302 non
279 1264 430 1302 debeat
448 1264 659 1313 baptizari,
679 1276 770 1300 cum
790 1275 869 1299 non
889 1264 942 1299 sit
961 1266 1057 1299 ante
1077 1263 1364 1312 omnipotentis

180 1329 259 1367 Dei
297 1328 429 1365 oculos
467 1327 584 1377 culpa
621 1327 754 1377 aliqua
790 1325 1017 1364 fecunditas
1053 1326 1208 1363 carnis?
1261 1325 1365 1363 Nam

180 1407 271 1430 cum
298 1395 414 1443 primi
442 1398 630 1442 parentes
659 1394 783 1428 nostri
811 1394 852 1427 in
878 1391 1062 1440 paradiso
1089 1390 1365 1440 deliquissent,

180 1457 527 1494 immortalitatem
553 1469 673 1506 quam
700 1461 954 1505 acceperant,
977 1460 1088 1492 recto
1114 1454 1192 1492 Dei
1221 1455 1366 1493 iudicio

179 1522 456 1573 perdiderunt.
511 1521 616 1567 Quia
646 1524 784 1570 itaque
812 1520 941 1557 isdem
970 1522 1224 1569 omnipotens
1253 1519 1366 1557 Deus

180 1586 400 1624 humanum
423 1599 551 1636 genus
574 1599 645 1635 pro
668 1584 785 1634 culpa
807 1597 880 1622 sua
902 1583 1083 1621 funditus
1107 1586 1366 1634 exstinguere

182 1650 323 1694 noluit,
357 1656 399 1688 et
430 1649 779 1686 immortalitatem
810 1648 961 1685 homini
992 1661 1065 1698 pro
1095 1653 1264 1698 peccato
1294 1661 1366 1686 suo

186 1715 373 1759 abstulit3
421 1720 463 1752 et
496 1719 634 1751 tamen
667 1727 739 1763 pro
772 1714 1027 1763 benignitate
1059 1725 1155 1750 suae
1188 1715 1366 1762 pietatis,

186 1779 476 1818 fecunditatem
530 1780 566 1816 ei
618 1777 763 1815 sobolis
814 1780 1046 1815 reservavit.
1100 1776 1220 1824 Quod
1270 1791 1366 1829 ergo

185 1849 352 1881 naturae
378 1842 579 1880 humanae
607 1856 657 1880 ex
684 1843 972 1892 omnipotentis
1000 1841 1078 1879 Dei
1105 1841 1209 1879 dono
1235 1854 1368 1879 serva-

188 1914 272 1945 tum
309 1913 385 1952 est,
422 1921 502 1958 qua
537 1909 693 1944 ratione
729 1908 881 1956 poterit
918 1919 942 1942 a
976 1907 1075 1942 sacri
1112 1906 1366 1955 baptismatis

183 1975 315 2022 gratia
341 1971 582 2021 prohibere?
637 1971 683 2008 In
711 1970 778 2008 illo
806 1973 955 2021 quippe
983 1972 1190 2020 mysterio,
1217 1972 1258 2007 in
1287 1983 1366 2021 quo

192 2063 258 2103 132
