<?xml version="1.0" encoding="UTF-8"?>
<!DOCTYPE html PUBLIC "-//W3C//DTD XHTML 1.0 Transitional//EN"
    "http://www.w3.org/TR/xhtml1/DTD/xhtml1-transitional.dtd">
<html xmlns="http://www.w3.org/1999/xhtml" xml:lang="en" lang="en">
 <head>
  <title>
</title>
<meta http-equiv="Content-Type" content="text/html;charset=utf-8" />
  <meta name='ocr-system' content='tesseract 3.04.00' />
  <meta name='ocr-capabilities' content='ocr_page ocr_carea ocr_par ocr_line ocrx_word'/>
</head>
<body>
  <div class='ocr_page' id='page_1' title='image "./operahistorica01bedeuoft_0184.png"; bbox 0 0 1473 2322; ppageno 0'>
   <div class='ocr_carea' id='block_1_1' title="bbox 431 153 1093 193">
    <p class='ocr_par' dir='ltr' id='par_1_1' title="bbox 431 153 1093 193">
     <span class='ocr_line' id='line_1_1' title="bbox 431 153 1093 193; baseline 0 -1"><span class='ocrx_word' id='word_1_1' title='bbox 431 156 542 193; x_wconf 86' lang='lat' dir='ltr'><strong>THE</strong></span> <span class='ocrx_word' id='word_1_2' title='bbox 579 154 910 193; x_wconf 85' lang='lat' dir='ltr'><strong>VENERABLE</strong></span> <span class='ocrx_word' id='word_1_3' title='bbox 945 153 1093 192; x_wconf 90' lang='lat' dir='ltr'>BEDE</span> 
     </span>
    </p>
   </div>
   <div class='ocr_carea' id='block_1_2' title="bbox 169 256 1363 2038">
    <p class='ocr_par' dir='ltr' id='par_1_2' title="bbox 169 256 1360 1174">
     <span class='ocr_line' id='line_1_2' title="bbox 171 256 1355 307; baseline -0.004 -9"><span class='ocrx_word' id='word_1_4' title='bbox 171 261 276 298; x_wconf 87' lang='lat' dir='ltr'><strong>lotus</strong></span> <span class='ocrx_word' id='word_1_5' title='bbox 292 263 442 297; x_wconf 70' lang='lat' dir='ltr'><strong>intrare</strong></span> <span class='ocrx_word' id='word_1_6' title='bbox 458 262 597 296; x_wconf 81' lang='lat' dir='ltr'><strong>statim</strong></span> <span class='ocrx_word' id='word_1_7' title='bbox 614 259 752 297; x_wconf 86' lang='lat' dir='ltr'><strong>debet.</strong></span> <span class='ocrx_word' id='word_1_8' title='bbox 807 257 894 296; x_wconf 90' lang='lat' dir='ltr'><strong>Lex</strong></span> <span class='ocrx_word' id='word_1_9' title='bbox 911 262 1049 296; x_wconf 89' lang='lat' dir='ltr'><strong>autem</strong></span> <span class='ocrx_word' id='word_1_10' title='bbox 1064 260 1192 296; x_wconf 85' lang='lat' dir='ltr'><strong>veteri</strong></span> <span class='ocrx_word' id='word_1_11' title='bbox 1207 256 1355 307; x_wconf 89' lang='lat' dir='ltr'><strong>populo</strong></span> 
     </span>
     <span class='ocr_line' id='line_1_3' title="bbox 169 318 1356 372; baseline -0.005 -12"><span class='ocrx_word' id='word_1_12' title='bbox 169 324 391 372; x_wconf 84' lang='lat' dir='ltr'><strong>praecepit,</strong></span> <span class='ocrx_word' id='word_1_13' title='bbox 430 326 476 358; x_wconf 85' lang='lat' dir='ltr'><strong>ut</strong></span> <span class='ocrx_word' id='word_1_14' title='bbox 514 323 664 357; x_wconf 88' lang='lat' dir='ltr'><strong>mixtus</strong></span> <span class='ocrx_word' id='word_1_15' title='bbox 703 322 762 356; x_wconf 78' lang='lat' dir='ltr'><strong>vir</strong></span> <span class='ocrx_word' id='word_1_16' title='bbox 799 318 972 364; x_wconf 88' lang='lat' dir='ltr'><strong>mulieri,</strong></span> <span class='ocrx_word' id='word_1_17' title='bbox 1010 324 1053 357; x_wconf 90' lang='lat' dir='ltr'><strong>et</strong></span> <span class='ocrx_word' id='word_1_18' title='bbox 1089 318 1212 356; x_wconf 76' lang='lat' dir='ltr'><strong>lavari</strong></span> <span class='ocrx_word' id='word_1_19' title='bbox 1251 331 1356 368; x_wconf 86' lang='lat' dir='ltr'><strong>aqua</strong></span> 
     </span>
     <span class='ocr_line' id='line_1_4' title="bbox 170 380 1356 428; baseline -0.004 -7"><span class='ocrx_word' id='word_1_20' title='bbox 170 384 334 428; x_wconf 84' lang='lat' dir='ltr'><strong>debeat,</strong></span> <span class='ocrx_word' id='word_1_21' title='bbox 356 388 398 421; x_wconf 84' lang='lat' dir='ltr'><strong>et</strong></span> <span class='ocrx_word' id='word_1_22' title='bbox 419 388 514 421; x_wconf 86' lang='lat' dir='ltr'><strong>ante</strong></span> <span class='ocrx_word' id='word_1_23' title='bbox 536 382 628 419; x_wconf 90' lang='lat' dir='ltr'><strong>solis</strong></span> <span class='ocrx_word' id='word_1_24' title='bbox 648 394 833 419; x_wconf 87' lang='lat' dir='ltr'><strong>occasum</strong></span> <span class='ocrx_word' id='word_1_25' title='bbox 854 380 1063 419; x_wconf 90' lang='lat' dir='ltr'><strong>ecclesiam</strong></span> <span class='ocrx_word' id='word_1_26' title='bbox 1083 394 1164 417; x_wconf 90' lang='lat' dir='ltr'><strong>non</strong></span> <span class='ocrx_word' id='word_1_27' title='bbox 1183 382 1356 417; x_wconf 86' lang='lat' dir='ltr'><strong>intrare:</strong></span> 
     </span>
     <span class='ocr_line' id='line_1_5' title="bbox 171 440 1357 495; baseline -0.003 -13"><span class='ocrx_word' id='word_1_28' title='bbox 171 445 278 495; x_wconf 85' lang='lat' dir='ltr'><strong>quod</strong></span> <span class='ocrx_word' id='word_1_29' title='bbox 292 451 432 482; x_wconf 87' lang='lat' dir='ltr'><strong>tamen</strong></span> <span class='ocrx_word' id='word_1_30' title='bbox 446 443 617 494; x_wconf 81' lang='lat' dir='ltr'>intelligi</span> <span class='ocrx_word' id='word_1_31' title='bbox 631 442 866 493; x_wconf 82' lang='lat' dir='ltr'><strong>spiritaliter</strong></span> <span class='ocrx_word' id='word_1_32' title='bbox 878 447 1029 493; x_wconf 88' lang='lat' dir='ltr'><strong>potest.</strong></span> <span class='ocrx_word' id='word_1_33' title='bbox 1082 441 1188 489; x_wconf 84' lang='lat' dir='ltr'><strong>Quia</strong></span> <span class='ocrx_word' id='word_1_34' title='bbox 1201 440 1357 479; x_wconf 89' lang='lat' dir='ltr'><strong>mulieri</strong></span> 
     </span>
     <span class='ocr_line' id='line_1_6' title="bbox 172 504 1358 556; baseline -0.003 -12"><span class='ocrx_word' id='word_1_35' title='bbox 172 511 228 544; x_wconf 70' lang='lat' dir='ltr'><strong>vir</strong></span> <span class='ocrx_word' id='word_1_36' title='bbox 244 509 449 551; x_wconf 87' lang='lat' dir='ltr'><strong>miscetur,</strong></span> <span class='ocrx_word' id='word_1_37' title='bbox 466 506 628 556; x_wconf 90' lang='lat' dir='ltr'><strong>quando</strong></span> <span class='ocrx_word' id='word_1_38' title='bbox 644 504 821 543; x_wconf 78' lang='lat' dir='ltr'><strong>inlicitae</strong></span> <span class='ocrx_word' id='word_1_39' title='bbox 837 506 1186 554; x_wconf 83' lang='lat' dir='ltr'><strong>concupiscentiae</strong></span> <span class='ocrx_word' id='word_1_40' title='bbox 1202 505 1358 540; x_wconf 88' lang='lat' dir='ltr'><strong>animus</strong></span> 
     </span>
     <span class='ocr_line' id='line_1_7' title="bbox 170 566 1358 620; baseline -0.003 -14"><span class='ocrx_word' id='word_1_41' title='bbox 170 572 210 606; x_wconf 86' lang='lat' dir='ltr'><strong>in</strong></span> <span class='ocrx_word' id='word_1_42' title='bbox 235 572 482 620; x_wconf 82' lang='lat' dir='ltr'><strong>cogitatione</strong></span> <span class='ocrx_word' id='word_1_43' title='bbox 506 581 580 618; x_wconf 89' lang='lat' dir='ltr'><strong>per</strong></span> <span class='ocrx_word' id='word_1_44' title='bbox 603 566 918 605; x_wconf 80' lang='lat' dir='ltr'><strong>delectationem</strong></span> <span class='ocrx_word' id='word_1_45' title='bbox 942 567 1221 617; x_wconf 87' lang='lat' dir='ltr'><strong>coniungitur;</strong></span> <span class='ocrx_word' id='word_1_46' title='bbox 1264 567 1358 615; x_wconf 89' lang='lat' dir='ltr'><strong>quia</strong></span> 
     </span>
     <span class='ocr_line' id='line_1_8' title="bbox 171 626 1358 681; baseline -0.003 -13"><span class='ocrx_word' id='word_1_47' title='bbox 171 633 245 668; x_wconf 86' lang='lat' dir='ltr'><strong>nisi</strong></span> <span class='ocrx_word' id='word_1_48' title='bbox 272 633 381 680; x_wconf 89' lang='lat' dir='ltr'><strong>prius</strong></span> <span class='ocrx_word' id='word_1_49' title='bbox 409 632 514 681; x_wconf 83' lang='lat' dir='ltr'><strong>ignis</strong></span> <span class='ocrx_word' id='word_1_50' title='bbox 541 631 891 679; x_wconf 85' lang='lat' dir='ltr'><strong>concupiscentiae</strong></span> <span class='ocrx_word' id='word_1_51' title='bbox 918 641 943 665; x_wconf 87' lang='lat' dir='ltr'><strong>a</strong></span> <span class='ocrx_word' id='word_1_52' title='bbox 967 633 1108 666; x_wconf 88' lang='lat' dir='ltr'><strong>mente</strong></span> <span class='ocrx_word' id='word_1_53' title='bbox 1135 626 1358 672; x_wconf 85' lang='lat' dir='ltr'><strong>deferveat,</strong></span> 
     </span>
     <span class='ocr_line' id='line_1_9' title="bbox 172 689 1358 743; baseline -0.003 -13"><span class='ocrx_word' id='word_1_54' title='bbox 172 694 339 743; x_wconf 84' lang='lat' dir='ltr'><strong>dignum</strong></span> <span class='ocrx_word' id='word_1_55' title='bbox 381 705 424 729; x_wconf 89' lang='lat' dir='ltr'><strong>se</strong></span> <span class='ocrx_word' id='word_1_56' title='bbox 465 692 769 742; x_wconf 83' lang='lat' dir='ltr'><strong>congregationi</strong></span> <span class='ocrx_word' id='word_1_57' title='bbox 809 689 981 728; x_wconf 82' lang='lat' dir='ltr'><strong>fratrum</strong></span> <span class='ocrx_word' id='word_1_58' title='bbox 1022 691 1237 727; x_wconf 91' lang='lat' dir='ltr'><strong>aestimare</strong></span> <span class='ocrx_word' id='word_1_59' title='bbox 1278 701 1358 726; x_wconf 91' lang='lat' dir='ltr'><strong>non</strong></span> 
     </span>
     <span class='ocr_line' id='line_1_10' title="bbox 172 749 1359 804; baseline -0.003 -12"><span class='ocrx_word' id='word_1_60' title='bbox 172 755 312 799; x_wconf 88' lang='lat' dir='ltr'><strong>debet,</strong></span> <span class='ocrx_word' id='word_1_61' title='bbox 341 756 409 804; x_wconf 92' lang='lat' dir='ltr'><strong>qui</strong></span> <span class='ocrx_word' id='word_1_62' title='bbox 438 767 481 791; x_wconf 90' lang='lat' dir='ltr'><strong>se</strong></span> <span class='ocrx_word' id='word_1_63' title='bbox 510 755 667 803; x_wconf 84' lang='lat' dir='ltr'><strong>gravari</strong></span> <span class='ocrx_word' id='word_1_64' title='bbox 695 766 769 803; x_wconf 92' lang='lat' dir='ltr'><strong>per</strong></span> <span class='ocrx_word' id='word_1_65' title='bbox 795 753 1021 802; x_wconf 86' lang='lat' dir='ltr'><strong>nequitiam</strong></span> <span class='ocrx_word' id='word_1_66' title='bbox 1048 763 1196 801; x_wconf 87' lang='lat' dir='ltr'><strong>pravae</strong></span> <span class='ocrx_word' id='word_1_67' title='bbox 1223 749 1359 788; x_wconf 89' lang='lat' dir='ltr'><strong>volun-</strong></span> 
     </span>
     <span class='ocr_line' id='line_1_11' title="bbox 173 811 1360 862; baseline -0.003 -9"><span class='ocrx_word' id='word_1_68' title='bbox 173 818 271 854; x_wconf 87' lang='lat' dir='ltr'><strong>tatis</strong></span> <span class='ocrx_word' id='word_1_69' title='bbox 298 816 422 853; x_wconf 84' lang='lat' dir='ltr'><strong>videt.</strong></span> <span class='ocrx_word' id='word_1_70' title='bbox 477 815 670 862; x_wconf 83' lang='lat' dir='ltr'><strong>Quamvis</strong></span> <span class='ocrx_word' id='word_1_71' title='bbox 697 814 748 852; x_wconf 94' lang='lat' dir='ltr'><strong>de</strong></span> <span class='ocrx_word' id='word_1_72' title='bbox 774 812 850 851; x_wconf 89' lang='lat' dir='ltr'><strong>hac</strong></span> <span class='ocrx_word' id='word_1_73' title='bbox 875 827 919 852; x_wconf 90' lang='lat' dir='ltr'><strong>re</strong></span> <span class='ocrx_word' id='word_1_74' title='bbox 946 813 1128 851; x_wconf 88' lang='lat' dir='ltr'><strong>diversae</strong></span> <span class='ocrx_word' id='word_1_75' title='bbox 1153 811 1360 850; x_wconf 88' lang='lat' dir='ltr'><strong>hominum</strong></span> 
     </span>
     <span class='ocr_line' id='line_1_12' title="bbox 173 874 1360 926; baseline -0.003 -11"><span class='ocrx_word' id='word_1_76' title='bbox 173 880 359 915; x_wconf 88' lang='lat' dir='ltr'><strong>nationes</strong></span> <span class='ocrx_word' id='word_1_77' title='bbox 383 877 540 914; x_wconf 87' lang='lat' dir='ltr'><strong>diversa</strong></span> <span class='ocrx_word' id='word_1_78' title='bbox 562 878 757 920; x_wconf 87' lang='lat' dir='ltr'><strong>sentiant,</strong></span> <span class='ocrx_word' id='word_1_79' title='bbox 780 881 905 926; x_wconf 91' lang='lat' dir='ltr'><strong>atque</strong></span> <span class='ocrx_word' id='word_1_80' title='bbox 928 874 1006 912; x_wconf 85' lang='lat' dir='ltr'><strong>alia</strong></span> <span class='ocrx_word' id='word_1_81' title='bbox 1027 874 1230 912; x_wconf 89' lang='lat' dir='ltr'><strong>custodire</strong></span> <span class='ocrx_word' id='word_1_82' title='bbox 1252 874 1360 912; x_wconf 88' lang='lat' dir='ltr'><strong>vide-</strong></span> 
     </span>
     <span class='ocr_line' id='line_1_13' title="bbox 174 937 1359 987; baseline -0.003 -10"><span class='ocrx_word' id='word_1_83' title='bbox 174 945 316 983; x_wconf 84' lang='lat' dir='ltr'><strong>antur3</strong></span> <span class='ocrx_word' id='word_1_84' title='bbox 354 938 626 976; x_wconf 87' lang='lat' dir='ltr'><strong>Romanorum</strong></span> <span class='ocrx_word' id='word_1_85' title='bbox 649 943 790 975; x_wconf 88' lang='lat' dir='ltr'><strong>tamen</strong></span> <span class='ocrx_word' id='word_1_86' title='bbox 812 950 973 987; x_wconf 89' lang='lat' dir='ltr'><strong>semper</strong></span> <span class='ocrx_word' id='word_1_87' title='bbox 995 937 1046 974; x_wconf 92' lang='lat' dir='ltr'><strong>ab</strong></span> <span class='ocrx_word' id='word_1_88' title='bbox 1069 937 1359 986; x_wconf 81' lang='lat' dir='ltr'><strong>antiquioribus</strong></span> 
     </span>
     <span class='ocr_line' id='line_1_14' title="bbox 172 999 1359 1050; baseline -0.003 -12"><span class='ocrx_word' id='word_1_89' title='bbox 172 1014 267 1038; x_wconf 84' lang='lat' dir='ltr'><strong>usus</strong></span> <span class='ocrx_word' id='word_1_90' title='bbox 300 1000 392 1045; x_wconf 89' lang='lat' dir='ltr'><strong>fuit,</strong></span> <span class='ocrx_word' id='word_1_91' title='bbox 424 1005 517 1050; x_wconf 91' lang='lat' dir='ltr'><strong>post</strong></span> <span class='ocrx_word' id='word_1_92' title='bbox 549 999 842 1037; x_wconf 86' lang='lat' dir='ltr'><strong>admixtionem</strong></span> <span class='ocrx_word' id='word_1_93' title='bbox 873 1001 1059 1049; x_wconf 87' lang='lat' dir='ltr'><strong>propriae</strong></span> <span class='ocrx_word' id='word_1_94' title='bbox 1090 1000 1285 1049; x_wconf 86' lang='lat' dir='ltr'><strong>coniugis,</strong></span> <span class='ocrx_word' id='word_1_95' title='bbox 1318 1004 1359 1036; x_wconf 92' lang='lat' dir='ltr'><strong>et</strong></span> 
     </span>
     <span class='ocr_line' id='line_1_15' title="bbox 173 1060 1359 1113; baseline -0.003 -13"><span class='ocrx_word' id='word_1_96' title='bbox 173 1064 318 1100; x_wconf 86' lang='lat' dir='ltr'><strong>lavacri</strong></span> <span class='ocrx_word' id='word_1_97' title='bbox 364 1062 687 1113; x_wconf 87' lang='lat' dir='ltr'><strong>purificationem</strong></span> <span class='ocrx_word' id='word_1_98' title='bbox 734 1074 944 1111; x_wconf 85' lang='lat' dir='ltr'><strong>quaerere,</strong></span> <span class='ocrx_word' id='word_1_99' title='bbox 991 1065 1034 1098; x_wconf 90' lang='lat' dir='ltr'><strong>et</strong></span> <span class='ocrx_word' id='word_1_100' title='bbox 1081 1060 1133 1097; x_wconf 89' lang='lat' dir='ltr'><strong>ab</strong></span> <span class='ocrx_word' id='word_1_101' title='bbox 1178 1062 1359 1111; x_wconf 84' lang='lat' dir='ltr'><strong>ingressu</strong></span> 
     </span>
     <span class='ocr_line' id='line_1_16' title="bbox 174 1123 1097 1174; baseline -0.003 -12"><span class='ocrx_word' id='word_1_102' title='bbox 174 1125 365 1163; x_wconf 84' lang='lat' dir='ltr'><strong>ecelesiae</strong></span> <span class='ocrx_word' id='word_1_103' title='bbox 390 1123 598 1174; x_wconf 83' lang='lat' dir='ltr'><strong>paululum</strong></span> <span class='ocrx_word' id='word_1_104' title='bbox 622 1128 857 1161; x_wconf 88' lang='lat' dir='ltr'><strong>reverenter</strong></span> <span class='ocrx_word' id='word_1_105' title='bbox 880 1123 1097 1160; x_wconf 86' lang='lat' dir='ltr'><strong>abstinere.</strong></span> 
     </span>
    </p>

    <p class='ocr_par' dir='ltr' id='par_1_3' title="bbox 173 1184 1363 2038">
     <span class='ocr_line' id='line_1_17' title="bbox 226 1184 1359 1234; baseline -0.002 -11"><span class='ocrx_word' id='word_1_106' title='bbox 226 1191 250 1208; x_wconf 90' lang='lat'><strong>“</strong></span> <span class='ocrx_word' id='word_1_107' title='bbox 266 1186 351 1224; x_wconf 90' lang='lat' dir='ltr'><strong>Nec</strong></span> <span class='ocrx_word' id='word_1_108' title='bbox 393 1185 494 1224; x_wconf 89' lang='lat' dir='ltr'><strong>haec</strong></span> <span class='ocrx_word' id='word_1_109' title='bbox 531 1186 727 1230; x_wconf 88' lang='lat' dir='ltr'><strong>dieentes,</strong></span> <span class='ocrx_word' id='word_1_110' title='bbox 775 1184 934 1234; x_wconf 90' lang='lat' dir='ltr'><strong>culpam</strong></span> <span class='ocrx_word' id='word_1_111' title='bbox 982 1184 1225 1234; x_wconf 86' lang='lat' dir='ltr'><strong>deputamus</strong></span> <span class='ocrx_word' id='word_1_112' title='bbox 1274 1196 1359 1221; x_wconf 86' lang='lat' dir='ltr'><strong>esse</strong></span> 
     </span>
     <span class='ocr_line' id='line_1_18' title="bbox 173 1245 1360 1299; baseline -0.001 -14"><span class='ocrx_word' id='word_1_113' title='bbox 173 1250 402 1299; x_wconf 82' lang='lat' dir='ltr'><strong>coniugium</strong></span> <span class='ocrx_word' id='word_1_114' title='bbox 417 1261 425 1292; x_wconf 91' lang='lat'>;</span> <span class='ocrx_word' id='word_1_115' title='bbox 451 1247 523 1285; x_wconf 90' lang='lat' dir='ltr'><strong>sed</strong></span> <span class='ocrx_word' id='word_1_116' title='bbox 538 1249 632 1297; x_wconf 85' lang='lat' dir='ltr'><strong>quia</strong></span> <span class='ocrx_word' id='word_1_117' title='bbox 646 1249 734 1297; x_wconf 87' lang='lat' dir='ltr'><strong>ipsa</strong></span> <span class='ocrx_word' id='word_1_118' title='bbox 747 1246 857 1283; x_wconf 91' lang='lat' dir='ltr'><strong>licita</strong></span> <span class='ocrx_word' id='word_1_119' title='bbox 872 1245 1068 1283; x_wconf 86' lang='lat' dir='ltr'><strong>admixtio</strong></span> <span class='ocrx_word' id='word_1_120' title='bbox 1083 1247 1262 1296; x_wconf 88' lang='lat' dir='ltr'><strong>coniugis</strong></span> <span class='ocrx_word' id='word_1_121' title='bbox 1275 1247 1360 1284; x_wconf 84' lang='lat' dir='ltr'><strong>sine</strong></span> 
     </span>
     <span class='ocr_line' id='line_1_19' title="bbox 174 1306 1362 1359; baseline -0.001 -12"><span class='ocrx_word' id='word_1_122' title='bbox 174 1310 384 1359; x_wconf 86' lang='lat' dir='ltr'><strong>voluptate</strong></span> <span class='ocrx_word' id='word_1_123' title='bbox 399 1311 527 1346; x_wconf 89' lang='lat' dir='ltr'><strong>carnis</strong></span> <span class='ocrx_word' id='word_1_124' title='bbox 547 1309 633 1347; x_wconf 92' lang='lat' dir='ltr'><strong>fieri</strong></span> <span class='ocrx_word' id='word_1_125' title='bbox 653 1321 733 1345; x_wconf 91' lang='lat' dir='ltr'><strong>non</strong></span> <span class='ocrx_word' id='word_1_126' title='bbox 752 1313 905 1358; x_wconf 89' lang='lat' dir='ltr'><strong>potest,</strong></span> <span class='ocrx_word' id='word_1_127' title='bbox 925 1321 948 1345; x_wconf 84' lang='lat' dir='ltr'><strong>a</strong></span> <span class='ocrx_word' id='word_1_128' title='bbox 967 1310 1067 1345; x_wconf 88' lang='lat' dir='ltr'><strong>Sacri</strong></span> <span class='ocrx_word' id='word_1_129' title='bbox 1086 1306 1162 1345; x_wconf 91' lang='lat' dir='ltr'><strong>loci</strong></span> <span class='ocrx_word' id='word_1_130' title='bbox 1180 1309 1362 1357; x_wconf 88' lang='lat' dir='ltr'><strong>ingressu</strong></span> 
     </span>
     <span class='ocr_line' id='line_1_20' title="bbox 173 1367 1362 1421; baseline -0.003 -12"><span class='ocrx_word' id='word_1_131' title='bbox 173 1371 460 1410; x_wconf 86' lang='lat' dir='ltr'><strong>abstinendum</strong></span> <span class='ocrx_word' id='word_1_132' title='bbox 480 1375 566 1415; x_wconf 80' lang='lat' dir='ltr'><strong>est3</strong></span> <span class='ocrx_word' id='word_1_133' title='bbox 609 1372 705 1421; x_wconf 90' lang='lat' dir='ltr'><strong>quia</strong></span> <span class='ocrx_word' id='word_1_134' title='bbox 723 1369 908 1419; x_wconf 87' lang='lat' dir='ltr'><strong>voluptas</strong></span> <span class='ocrx_word' id='word_1_135' title='bbox 926 1371 1014 1419; x_wconf 92' lang='lat' dir='ltr'><strong>ipsa</strong></span> <span class='ocrx_word' id='word_1_136' title='bbox 1034 1381 1122 1407; x_wconf 87' lang='lat' dir='ltr'><strong>esse</strong></span> <span class='ocrx_word' id='word_1_137' title='bbox 1140 1371 1226 1406; x_wconf 90' lang='lat' dir='ltr'><strong>sine</strong></span> <span class='ocrx_word' id='word_1_138' title='bbox 1245 1367 1362 1419; x_wconf 85' lang='lat' dir='ltr'><strong>culpa</strong></span> 
     </span>
     <span class='ocr_line' id='line_1_21' title="bbox 173 1429 1362 1483; baseline -0.003 -12"><span class='ocrx_word' id='word_1_139' title='bbox 173 1433 404 1471; x_wconf 86' lang='lat' dir='ltr'><strong>nullatenus</strong></span> <span class='ocrx_word' id='word_1_140' title='bbox 419 1437 569 1483; x_wconf 88' lang='lat' dir='ltr'><strong>potest.</strong></span> <span class='ocrx_word' id='word_1_141' title='bbox 624 1431 715 1469; x_wconf 92' lang='lat' dir='ltr'><strong>Non</strong></span> <span class='ocrx_word' id='word_1_142' title='bbox 731 1434 838 1469; x_wconf 83' lang='lat' dir='ltr'><strong>enim</strong></span> <span class='ocrx_word' id='word_1_143' title='bbox 854 1431 905 1469; x_wconf 92' lang='lat' dir='ltr'><strong>de</strong></span> <span class='ocrx_word' id='word_1_144' title='bbox 921 1430 1134 1476; x_wconf 87' lang='lat' dir='ltr'><strong>adulterio,</strong></span> <span class='ocrx_word' id='word_1_145' title='bbox 1148 1432 1231 1469; x_wconf 92' lang='lat' dir='ltr'><strong>sive</strong></span> <span class='ocrx_word' id='word_1_146' title='bbox 1242 1429 1362 1468; x_wconf 89' lang='lat' dir='ltr'><strong>forni-</strong></span> 
     </span>
     <span class='ocr_line' id='line_1_22' title="bbox 174 1491 1361 1545; baseline -0.003 -12"><span class='ocrx_word' id='word_1_147' title='bbox 174 1498 348 1540; x_wconf 84' lang='lat' dir='ltr'><strong>catione,</strong></span> <span class='ocrx_word' id='word_1_148' title='bbox 377 1495 449 1533; x_wconf 91' lang='lat' dir='ltr'><strong>sed</strong></span> <span class='ocrx_word' id='word_1_149' title='bbox 477 1495 528 1533; x_wconf 93' lang='lat' dir='ltr'><strong>de</strong></span> <span class='ocrx_word' id='word_1_150' title='bbox 557 1494 740 1545; x_wconf 84' lang='lat' dir='ltr'><strong>legitimo</strong></span> <span class='ocrx_word' id='word_1_151' title='bbox 767 1494 953 1544; x_wconf 85' lang='lat' dir='ltr'><strong>coniugio</strong></span> <span class='ocrx_word' id='word_1_152' title='bbox 979 1497 1100 1530; x_wconf 83' lang='lat' dir='ltr'><strong>natus</strong></span> <span class='ocrx_word' id='word_1_153' title='bbox 1127 1491 1263 1530; x_wconf 85' lang='lat' dir='ltr'><strong>fuerat</strong></span> <span class='ocrx_word' id='word_1_154' title='bbox 1293 1494 1361 1543; x_wconf 92' lang='lat' dir='ltr'><strong>qui</strong></span> 
     </span>
     <span class='ocr_line' id='line_1_23' title="bbox 174 1555 1362 1606; baseline -0.003 -11"><span class='ocrx_word' id='word_1_155' title='bbox 174 1557 359 1595; x_wconf 87' lang='lat' dir='ltr'><strong>dicebat:</strong></span> <span class='ocrx_word' id='word_1_156' title='bbox 391 1556 399 1569; x_wconf 82' lang='lat'>¹</span> <span class='ocrx_word' id='word_1_157' title='bbox 419 1556 524 1594; x_wconf 89' lang='lat' dir='ltr'><strong>Ecce</strong></span> <span class='ocrx_word' id='word_1_158' title='bbox 543 1558 651 1593; x_wconf 90' lang='lat' dir='ltr'><strong>enim</strong></span> <span class='ocrx_word' id='word_1_159' title='bbox 669 1558 710 1592; x_wconf 94' lang='lat' dir='ltr'><strong>in</strong></span> <span class='ocrx_word' id='word_1_160' title='bbox 726 1555 1009 1606; x_wconf 88' lang='lat' dir='ltr'><strong>iniquitatibus</strong></span> <span class='ocrx_word' id='word_1_161' title='bbox 1025 1559 1244 1604; x_wconf 90' lang='lat' dir='ltr'><strong>conceptus</strong></span> <span class='ocrx_word' id='word_1_162' title='bbox 1260 1567 1362 1599; x_wconf 88' lang='lat' dir='ltr'><strong>sum,</strong></span> 
     </span>
     <span class='ocr_line' id='line_1_24' title="bbox 174 1614 1361 1669; baseline -0.004 -12"><span class='ocrx_word' id='word_1_163' title='bbox 174 1625 218 1658; x_wconf 85' lang='lat' dir='ltr'><strong>et</strong></span> <span class='ocrx_word' id='word_1_164' title='bbox 243 1622 284 1656; x_wconf 89' lang='lat' dir='ltr'><strong>in</strong></span> <span class='ocrx_word' id='word_1_165' title='bbox 310 1621 488 1669; x_wconf 87' lang='lat' dir='ltr'><strong>peccatis</strong></span> <span class='ocrx_word' id='word_1_166' title='bbox 514 1619 700 1667; x_wconf 88' lang='lat' dir='ltr'><strong>concepit</strong></span> <span class='ocrx_word' id='word_1_167' title='bbox 726 1630 791 1655; x_wconf 92' lang='lat' dir='ltr'><strong>me</strong></span> <span class='ocrx_word' id='word_1_168' title='bbox 818 1622 950 1653; x_wconf 89' lang='lat' dir='ltr'><strong>mater</strong></span> <span class='ocrx_word' id='word_1_169' title='bbox 975 1615 1095 1654; x_wconf 51' lang='lat' dir='ltr'><strong>mea?</strong></span> <span class='ocrx_word' id='word_1_170' title='bbox 1149 1614 1229 1662; x_wconf 84' lang='lat' dir='ltr'><strong>Qui</strong></span> <span class='ocrx_word' id='word_1_171' title='bbox 1255 1617 1361 1653; x_wconf 91' lang='lat' dir='ltr'><strong>enim</strong></span> 
     </span>
     <span class='ocr_line' id='line_1_25' title="bbox 174 1676 1362 1730; baseline -0.003 -13"><span class='ocrx_word' id='word_1_172' title='bbox 174 1683 216 1718; x_wconf 93' lang='lat' dir='ltr'><strong>in</strong></span> <span class='ocrx_word' id='word_1_173' title='bbox 240 1680 524 1730; x_wconf 87' lang='lat' dir='ltr'><strong>iniquitatibus</strong></span> <span class='ocrx_word' id='word_1_174' title='bbox 550 1683 791 1728; x_wconf 89' lang='lat' dir='ltr'><strong>conceptum</strong></span> <span class='ocrx_word' id='word_1_175' title='bbox 817 1691 860 1716; x_wconf 92' lang='lat' dir='ltr'><strong>se</strong></span> <span class='ocrx_word' id='word_1_176' title='bbox 887 1683 1069 1722; x_wconf 79' lang='lat' dir='ltr'><strong>noverat,</strong></span> <span class='ocrx_word' id='word_1_177' title='bbox 1096 1690 1121 1713; x_wconf 89' lang='lat' dir='ltr'><strong>a</strong></span> <span class='ocrx_word' id='word_1_178' title='bbox 1145 1676 1294 1715; x_wconf 86' lang='lat' dir='ltr'><strong>delicto</strong></span> <span class='ocrx_word' id='word_1_179' title='bbox 1319 1689 1362 1714; x_wconf 88' lang='lat' dir='ltr'><strong>se</strong></span> 
     </span>
     <span class='ocr_line' id='line_1_26' title="bbox 174 1738 1362 1792; baseline -0.004 -12"><span class='ocrx_word' id='word_1_180' title='bbox 174 1747 317 1780; x_wconf 89' lang='lat' dir='ltr'><strong>natum</strong></span> <span class='ocrx_word' id='word_1_181' title='bbox 335 1741 550 1792; x_wconf 85' lang='lat' dir='ltr'><strong>gemebat:</strong></span> <span class='ocrx_word' id='word_1_182' title='bbox 583 1742 677 1791; x_wconf 88' lang='lat' dir='ltr'><strong>quia</strong></span> <span class='ocrx_word' id='word_1_183' title='bbox 694 1745 832 1790; x_wconf 83' lang='lat' dir='ltr'><strong>portat</strong></span> <span class='ocrx_word' id='word_1_184' title='bbox 848 1742 889 1776; x_wconf 87' lang='lat' dir='ltr'><strong>in</strong></span> <span class='ocrx_word' id='word_1_185' title='bbox 905 1752 1018 1776; x_wconf 85' lang='lat' dir='ltr'><strong>ramo</strong></span> <span class='ocrx_word' id='word_1_186' title='bbox 1034 1738 1246 1776; x_wconf 90' lang='lat' dir='ltr'><strong>humorem</strong></span> <span class='ocrx_word' id='word_1_187' title='bbox 1263 1740 1362 1783; x_wconf 82' lang='lat' dir='ltr'><strong>vitii,</strong></span> 
     </span>
     <span class='ocr_line' id='line_1_27' title="bbox 177 1800 1362 1854; baseline -0.005 -12"><span class='ocrx_word' id='word_1_188' title='bbox 177 1817 298 1854; x_wconf 90' lang='lat' dir='ltr'><strong>quem</strong></span> <span class='ocrx_word' id='word_1_189' title='bbox 319 1805 446 1840; x_wconf 84' lang='lat' dir='ltr'><strong>traxit</strong></span> <span class='ocrx_word' id='word_1_190' title='bbox 467 1816 516 1840; x_wconf 87' lang='lat' dir='ltr'><strong>ex</strong></span> <span class='ocrx_word' id='word_1_191' title='bbox 537 1802 684 1839; x_wconf 90' lang='lat' dir='ltr'><strong>radice.</strong></span> <span class='ocrx_word' id='word_1_192' title='bbox 740 1801 788 1838; x_wconf 92' lang='lat' dir='ltr'><strong>In</strong></span> <span class='ocrx_word' id='word_1_193' title='bbox 808 1801 953 1851; x_wconf 90' lang='lat' dir='ltr'><strong>quibus</strong></span> <span class='ocrx_word' id='word_1_194' title='bbox 973 1806 1113 1837; x_wconf 86' lang='lat' dir='ltr'><strong>tamen</strong></span> <span class='ocrx_word' id='word_1_195' title='bbox 1132 1800 1263 1837; x_wconf 89' lang='lat' dir='ltr'><strong>verbis</strong></span> <span class='ocrx_word' id='word_1_196' title='bbox 1282 1812 1362 1837; x_wconf 90' lang='lat' dir='ltr'><strong>non</strong></span> 
     </span>
     <span class='ocr_line' id='line_1_28' title="bbox 176 1861 1362 1914; baseline -0.003 -12"><span class='ocrx_word' id='word_1_197' title='bbox 176 1865 468 1902; x_wconf 83' lang='lat' dir='ltr'><strong>admixtionem</strong></span> <span class='ocrx_word' id='word_1_198' title='bbox 505 1865 721 1914; x_wconf 82' lang='lat' dir='ltr'><strong>coniugum</strong></span> <span class='ocrx_word' id='word_1_199' title='bbox 758 1864 1017 1912; x_wconf 86' lang='lat' dir='ltr'><strong>iniquitatem</strong></span> <span class='ocrx_word' id='word_1_200' title='bbox 1053 1863 1249 1905; x_wconf 87' lang='lat' dir='ltr'><strong>nominat,</strong></span> <span class='ocrx_word' id='word_1_201' title='bbox 1291 1861 1362 1899; x_wconf 93' lang='lat' dir='ltr'><strong>sed</strong></span> 
     </span>
     <span class='ocr_line' id='line_1_29' title="bbox 177 1921 1362 1977; baseline -0.004 -14"><span class='ocrx_word' id='word_1_202' title='bbox 177 1930 305 1977; x_wconf 88' lang='lat' dir='ltr'><strong>ipsam</strong></span> <span class='ocrx_word' id='word_1_203' title='bbox 318 1925 507 1964; x_wconf 80' lang='lat' dir='ltr'><strong>videlicet</strong></span> <span class='ocrx_word' id='word_1_204' title='bbox 517 1924 770 1974; x_wconf 87' lang='lat' dir='ltr'><strong>voluptatem</strong></span> <span class='ocrx_word' id='word_1_205' title='bbox 783 1924 1053 1961; x_wconf 86' lang='lat' dir='ltr'><strong>admixtionis.</strong></span> <span class='ocrx_word' id='word_1_206' title='bbox 1094 1921 1198 1959; x_wconf 89' lang='lat' dir='ltr'><strong>Sunt</strong></span> <span class='ocrx_word' id='word_1_207' title='bbox 1210 1925 1362 1960; x_wconf 89' lang='lat' dir='ltr'><strong>etenim</strong></span> 
     </span>
     <span class='ocr_line' id='line_1_30' title="bbox 176 1983 1363 2038; baseline -0.004 -13"><span class='ocrx_word' id='word_1_208' title='bbox 176 1987 305 2025; x_wconf 89' lang='lat' dir='ltr'><strong>multa</strong></span> <span class='ocrx_word' id='word_1_209' title='bbox 341 2000 446 2038; x_wconf 85' lang='lat' dir='ltr'><strong>quae</strong></span> <span class='ocrx_word' id='word_1_210' title='bbox 481 1986 591 2024; x_wconf 85' lang='lat' dir='ltr'><strong>licita</strong></span> <span class='ocrx_word' id='word_1_211' title='bbox 624 1986 848 2036; x_wconf 90' lang='lat' dir='ltr'><strong>probantur</strong></span> <span class='ocrx_word' id='word_1_212' title='bbox 883 1997 971 2023; x_wconf 91' lang='lat' dir='ltr'><strong>esse</strong></span> <span class='ocrx_word' id='word_1_213' title='bbox 1006 1997 1053 2021; x_wconf 87' lang='lat' dir='ltr'><strong>ac</strong></span> <span class='ocrx_word' id='word_1_214' title='bbox 1086 1983 1284 2034; x_wconf 80' lang='lat' dir='ltr'><strong>legitima,</strong></span> <span class='ocrx_word' id='word_1_215' title='bbox 1320 1988 1363 2021; x_wconf 90' lang='lat' dir='ltr'><strong>et</strong></span> 
     </span>
    </p>
   </div>
   <div class='ocr_carea' id='block_1_3' title="bbox 186 2091 251 2125">
    <p class='ocr_par' dir='ltr' id='par_1_4' title="bbox 186 2091 251 2125">
     <span class='ocr_line' id='line_1_31' title="bbox 186 2091 251 2125; baseline 0 -9"><span class='ocrx_word' id='word_1_216' title='bbox 186 2091 251 2125; x_wconf 85' lang='lat'><strong>14²</strong></span> 
     </span>
    </p>
   </div>
  </div>
 </body>
</html>
