1473 2322
424 158 536 196 THE
571 157 903 196 VENERABLE
938 156 1086 196 BEDE

162 261 293 306 solvit,
331 260 403 299 sed
439 262 574 311 potius
612 259 822 310 adimplet,
859 262 900 297 in
939 273 1019 310 qua
1055 260 1349 299 observandum

162 325 311 376 pascha
337 339 361 362 a
388 331 533 375 quarta
560 325 717 363 decima
743 324 839 362 luna
865 327 981 375 primi
1010 327 1158 362 mensis
1187 325 1238 363 ad
1265 338 1351 362 ves-

163 404 315 440 peram,
339 403 465 440 usque
489 389 541 427 ad
564 392 793 427 vicesimam
817 392 986 439 primam
1009 389 1146 426 lunam
1170 389 1349 428 eiusdem

162 457 310 493 mensis
323 455 374 492 ad
387 468 610 504 vesperam,
624 460 886 504 praeceptum
905 460 989 492 est:
1021 456 1060 491 in
1079 467 1200 504 quam
1217 455 1351 491 obser-

163 522 341 556 vantiam
379 520 632 564 imitandam,
661 533 800 557 omnes
830 520 940 557 beati
972 518 1160 556 Iohannis
1196 533 1350 557 succes-

162 598 270 622 sores
294 587 333 621 in
357 585 455 621 Asia
479 590 570 634 post
593 585 749 622 obitum
775 586 874 629 eius,
898 590 941 622 et
964 586 1092 621 omnis
1117 597 1188 634 per
1211 585 1351 622 orbem

163 649 330 687 ecclesia
359 662 550 687 conversa
581 655 655 687 est.
711 649 765 686 Et
796 648 870 686 hoc
901 662 988 687 esse
1020 662 1157 687 verum
1189 648 1350 699 pascha,

162 714 236 752 hoc
266 713 394 752 solum
427 713 612 751 fidelibus
643 713 944 758 celebrandum,
978 713 1155 751 Nicaeno
1186 713 1351 751 concilio

161 792 242 816 non
260 785 461 816 statutum
481 781 652 824 noviter,
672 779 743 817 sed
763 779 1043 816 confirmatum
1065 784 1141 823 est,
1161 784 1207 816 ut
1227 778 1352 816 eccle-

161 846 321 881 siastica
342 844 461 882 docet
482 842 659 880 historia.
717 843 836 881 Unde
858 849 1018 880 constat
1040 857 1122 888 vos,
1143 843 1351 889 Colmane,

161 922 294 959 neque
341 907 544 953 Iohannis,
589 913 635 945 ut
680 910 915 953 autumatis,
960 907 1148 958 exempla
1192 911 1351 952 sectari,

160 987 294 1024 neque
326 972 450 1018 Petri,
480 975 592 1010 cuius
622 973 830 1010 traditioni
861 975 1034 1011 scientes
1065 973 1352 1018 contradicitis,

161 1053 294 1089 neque
320 1038 435 1089 Legi,
459 1052 591 1088 neque
616 1037 838 1088 Evangelio
861 1040 901 1075 in
925 1039 1205 1076 observatione
1230 1040 1352 1076 vestri

161 1103 334 1155 paschae
345 1116 580 1153 congruere.
636 1102 837 1141 Iohannes
850 1105 956 1141 enim
970 1103 1021 1140 ad
1032 1102 1132 1153 legis
1147 1103 1351 1141 Mosaicae

162 1170 328 1207 decreta
358 1174 521 1218 tempus
554 1167 741 1218 paschale
774 1168 1019 1213 custodiens,
1052 1168 1106 1205 nil
1140 1169 1190 1206 dc
1224 1171 1353 1218 prima

162 1235 320 1272 sabbati
349 1234 540 1277 curabat3
583 1233 691 1283 quod
720 1245 788 1270 vos
816 1246 897 1270 non
925 1232 1071 1277 facitis,
1099 1235 1167 1283 qui
1196 1235 1352 1271 nonnisi

161 1300 291 1348 prima
321 1298 481 1335 sabbati
514 1297 663 1347 pascha
694 1296 921 1335 celebratis.
977 1295 1121 1334 Petrus
1154 1310 1178 1333 a
1211 1300 1353 1347 quinta

161 1363 317 1400 decima
328 1362 424 1399 luna
435 1376 562 1412 usque
575 1362 626 1399 ad
638 1364 866 1400 vicesimam
878 1364 1048 1412 primam
1060 1362 1167 1399 diem
1179 1361 1351 1411 paschae

162 1429 420 1466 Dominicum
443 1427 699 1471 celebrabat3
738 1427 847 1477 quod
871 1440 938 1464 vos
963 1440 1043 1464 non
1067 1426 1211 1472 facitis,
1236 1429 1304 1478 qui
1328 1440 1352 1464 a

162 1498 308 1544 quarta
346 1493 503 1530 decima
541 1505 669 1542 usque
709 1492 761 1529 ad
800 1494 1029 1529 vicesimam
1066 1491 1204 1529 lunam
1244 1492 1352 1530 diem

162 1558 420 1596 Dominicum
454 1556 626 1607 paschae
661 1557 905 1595 observatis:
949 1559 1007 1594 ita
1040 1562 1086 1594 ut
1123 1559 1246 1595 tertia
1283 1557 1352 1595 de-

161 1626 265 1661 cima
293 1622 390 1660 luna.
425 1623 477 1660 ad
513 1635 723 1672 vesperam
756 1624 915 1671 saepius
952 1620 1101 1672 pascha
1136 1623 1351 1672 incipiatis,

161 1690 272 1725 cuius
312 1700 445 1738 neque
488 1686 574 1724 Lex
615 1686 736 1724 ullam
777 1685 875 1724 fecit
913 1688 1178 1731 mentionem,
1217 1699 1351 1736 neque

162 1758 301 1790 auctor
314 1765 359 1789 ac
373 1752 490 1790 dator
504 1751 713 1801 Evangelii
727 1751 925 1788 Dominus
938 1753 978 1788 in
993 1764 1055 1796 ea,
1068 1751 1139 1789 sed
1153 1753 1192 1787 in
1206 1756 1351 1801 quarta

161 1818 318 1856 decima
346 1816 410 1855 vel
439 1822 554 1854 vetus
583 1815 732 1866 pascha
760 1816 1018 1853 manducavit
1047 1816 1099 1853 ad
1127 1829 1351 1865 vesperam,

162 1882 225 1921 vel
241 1884 331 1920 novi
347 1884 584 1920 testamenti
601 1887 854 1919 sacramenta
870 1883 910 1918 in
926 1883 1350 1919 commemorationem

161 1961 258 1986 suae
286 1949 478 1997 passionis
507 1945 698 1984 ecelesiae
726 1945 967 1984 celebranda
995 1946 1174 1983 tradidit.
1230 1945 1351 1988 Item,

160 2011 299 2049 lunam
323 2013 553 2049 vicesimam
577 2013 763 2062 primam,
788 2023 909 2062 quam
936 2009 1021 2047 Lex
1047 2011 1222 2049 maxime
1247 2007 1351 2047 cele·

161 2104 234 2141 470
