1473 2322
439 109 551 146 THE
587 108 919 145 VENERABLE
955 108 1102 145 BEDE

179 217 221 248 ct
246 214 459 248 veritatem
483 212 704 260 pertinent,
729 215 771 246 ct
795 210 916 246 verbo
940 215 1104 246 cunctos
1128 209 1300 247 docebat
1324 215 1363 247 et

179 284 312 320 opere.
368 269 489 306 Porro
502 269 706 313 fratribus,
720 272 788 319 qui
802 272 842 305 in
857 269 1171 306 Lindisfarncnsi
1187 269 1365 313 ecclesia,

179 329 326 367 Scottis
346 330 603 373 abeuntibus,
623 343 832 366 remanere
852 328 1096 373 maluerunt,
1116 332 1367 378 praepositus

180 395 242 427 est
257 389 414 426 abbatis
430 391 514 425 iure
531 391 587 425 vir
602 390 947 425 reverentissimus
964 401 1008 424 ac
1022 391 1367 426 mansuetissimus

179 449 298 493 Eata,
335 451 403 498 qui
439 454 527 485 erat
564 449 687 485 abbas
724 451 764 484 in
799 450 1044 485 monasterio
1081 448 1189 497 quod
1224 448 1369 485 dicitur

182 508 369 545 Mailros:
403 508 511 557 quod
531 510 643 544 aiunt
664 507 900 544 Colmanum
921 508 1123 544 abiturum
1143 510 1306 557 petiisse
1327 514 1369 545 et

180 572 417 618 impetrasse
445 581 469 604 a
495 581 591 617 rege
619 567 760 612 Osuiu,
788 581 835 604 eo
862 567 970 616 quod
997 573 1105 604 esset
1130 567 1237 604 idem
1265 567 1370 604 Eata

181 642 281 664 unus
310 628 360 665 de
389 627 601 664 duodecim
631 630 764 677 pueris
792 627 955 671 Aidani,
983 640 1082 676 quos
1110 630 1239 676 primo
1268 629 1369 677 epis-

179 693 346 737 copatus
363 690 423 724 sui
439 693 623 737 tempore
641 687 691 724 de
709 689 872 723 natione
890 686 1112 736 Anglorum
1130 687 1369 724 erudiendos

179 750 220 784 in
247 746 405 784 Christo
433 749 600 796 accepit.
658 746 837 783 Multum
864 759 1038 795 namque
1067 746 1240 783 eundem
1268 749 1370 796 epis-

179 820 324 857 copum
352 806 590 843 Colmanum
616 820 688 843 rex
715 820 787 856 pro
813 808 933 842 insita
959 805 1015 842 illi
1042 806 1259 855 prudentia
1285 806 1371 843 dili-

180 867 317 917 gebat.
375 866 466 915 Ipse
500 872 562 903 cst
592 866 712 910 Eata,
744 868 812 915 qui
843 879 923 902 non
955 864 1084 902 multo
1115 871 1207 915 post
1239 866 1371 903 eidem

181 925 371 964 ecclesiae
389 925 704 962 Lindisfarnensi
721 927 929 975 episcopus
943 924 1074 961 factus
1089 930 1163 962 est.
1218 925 1371 962 Abiens

181 991 319 1023 autem
359 985 524 1022 domum
567 984 734 1021 Colman
774 985 998 1034 adsumpsit
1037 997 1173 1022 secum
1213 990 1372 1034 partem

180 1048 328 1082 ossium
349 1046 662 1082 reverentissimi
683 1046 808 1094 patris
830 1044 1000 1087 Aidani;
1036 1049 1195 1093 partem
1217 1057 1311 1081 vero
1331 1047 1371 1081 in

182 1104 349 1143 ecclesia
376 1107 439 1141 cui
466 1109 669 1154 praeerat,
697 1103 874 1153 reliquit,
904 1109 946 1141 et
974 1106 1013 1140 in
1043 1106 1258 1141 secretario
1288 1106 1372 1142 eius

180 1165 297 1202 condi
322 1167 543 1214 praecepit.

233 1225 421 1271 Quantae
458 1228 596 1260 autem
632 1225 913 1272 parsimoniae,
949 1224 1060 1259 cuius
1097 1224 1372 1260 continentiae

181 1283 317 1328 fuerit,
353 1286 438 1333 ipse
475 1296 566 1320 cum
602 1282 976 1331 praedecessoribus
1013 1284 1108 1325 suis,
1144 1282 1374 1319 testabatur

182 1346 306 1380 etiam
330 1342 439 1379 locus
463 1341 530 1379 ille
556 1354 677 1392 quem
701 1341 914 1391 regebant,
940 1341 1008 1377 ubi
1034 1340 1277 1377 abeuntibus
1303 1343 1373 1385 eis,

182 1407 355 1451 excepta
381 1400 561 1444 ecclesia,
586 1402 851 1449 paucissimae
877 1399 1018 1436 domus
1044 1404 1231 1448 repertae
1257 1405 1373 1444 sunt3

181 1461 256 1497 hoc
291 1466 367 1504 est,
401 1459 493 1496 illae
527 1459 791 1503 solummodo,
826 1461 910 1495 sine
946 1458 1090 1508 quibus
1125 1461 1373 1495 conversatio

182 1519 305 1556 civilis
355 1531 442 1556 esse
491 1517 720 1555 nullatenus
769 1522 944 1567 poterat.
1000 1516 1065 1553 Nil
1113 1520 1374 1566 pecuniarum

183 1580 335 1628 absque
358 1577 568 1627 pecoribus
591 1576 810 1613 habebant.
866 1575 906 1612 Si
930 1576 1026 1625 quid
1050 1578 1156 1612 enim
1178 1579 1373 1626 pecuniae

183 1651 206 1674 a
247 1637 438 1674 divitibus
481 1636 746 1684 accipiebant,
788 1648 881 1671 mox
922 1635 1166 1684 pauperibus
1207 1635 1371 1672 dabant.

183 1697 287 1733 Nam
312 1708 445 1745 neque
472 1695 522 1731 ad
547 1697 844 1743 susceptionem
869 1697 1099 1743 potentium
1124 1694 1286 1738 saeculi,
1311 1693 1374 1731 vel

183 1758 372 1806 pecunias
402 1753 546 1803 colligi,
576 1753 638 1789 vel
667 1753 808 1790 domus
837 1753 1061 1802 praevideri
1090 1765 1254 1789 necesse
1283 1751 1374 1797 fuit,

184 1817 252 1865 qui
276 1827 482 1863 nunquam
508 1813 559 1849 ad
584 1812 793 1849 ecclesiam
817 1814 891 1848 nisi
916 1814 1105 1848 orationis
1131 1817 1306 1855 tantum,
1332 1817 1374 1849 et

185 1873 373 1911 audiendi
395 1872 505 1908 verbi
529 1871 606 1908 Dei
628 1883 746 1907 causa
768 1870 998 1906 veniebant.
1055 1869 1140 1906 Rex
1162 1872 1261 1919 ipse,
1283 1883 1373 1906 cum

450 1982 463 2001 ¹
486 1981 640 2013 Melrose.
842 1979 857 2000 ²
879 1980 1108 2011 Lindisfarne.

181 2031 256 2076 480
