<?xml version="1.0" encoding="UTF-8"?>
<!DOCTYPE html PUBLIC "-//W3C//DTD XHTML 1.0 Transitional//EN"
    "http://www.w3.org/TR/xhtml1/DTD/xhtml1-transitional.dtd">
<html xmlns="http://www.w3.org/1999/xhtml" xml:lang="en" lang="en">
 <head>
  <title>
</title>
<meta http-equiv="Content-Type" content="text/html;charset=utf-8" />
  <meta name='ocr-system' content='tesseract 3.04.00' />
  <meta name='ocr-capabilities' content='ocr_page ocr_carea ocr_par ocr_line ocrx_word'/>
</head>
<body>
  <div class='ocr_page' id='page_1' title='image "./operahistorica01bedeuoft_0292.png"; bbox 0 0 1473 2322; ppageno 0'>
   <div class='ocr_carea' id='block_1_1' title="bbox 425 130 1093 170">
    <p class='ocr_par' dir='ltr' id='par_1_1' title="bbox 425 130 1093 170">
     <span class='ocr_line' id='line_1_1' title="bbox 425 130 1093 170; baseline -0.003 0"><span class='ocrx_word' id='word_1_1' title='bbox 425 131 536 170; x_wconf 89' lang='lat' dir='ltr'>THE</span> <span class='ocrx_word' id='word_1_2' title='bbox 574 130 906 168; x_wconf 88' lang='lat' dir='ltr'>VENERABLE</span> <span class='ocrx_word' id='word_1_3' title='bbox 941 130 1093 169; x_wconf 91' lang='lat' dir='ltr'><strong>BEDE</strong></span> 
     </span>
    </p>
   </div>
   <div class='ocr_carea' id='block_1_2' title="bbox 166 231 1354 1761">
    <p class='ocr_par' dir='ltr' id='par_1_2' title="bbox 166 231 1353 1023">
     <span class='ocr_line' id='line_1_2' title="bbox 167 231 1350 278; baseline -0.003 -6"><span class='ocrx_word' id='word_1_4' title='bbox 167 238 280 273; x_wconf 78' lang='lat' dir='ltr'>iuxta</span> <span class='ocrx_word' id='word_1_5' title='bbox 317 248 476 272; x_wconf 87' lang='lat' dir='ltr'>amnem</span> <span class='ocrx_word' id='word_1_6' title='bbox 509 233 870 278; x_wconf 87' lang='lat' dir='ltr'>Deruventionem,</span> <span class='ocrx_word' id='word_1_7' title='bbox 902 234 972 271; x_wconf 90' lang='lat' dir='ltr'>ubi</span> <span class='ocrx_word' id='word_1_8' title='bbox 1000 237 1098 271; x_wconf 88' lang='lat' dir='ltr'>tune</span> <span class='ocrx_word' id='word_1_9' title='bbox 1135 237 1223 271; x_wconf 84' lang='lat' dir='ltr'>erat</span> <span class='ocrx_word' id='word_1_10' title='bbox 1258 231 1350 270; x_wconf 89' lang='lat' dir='ltr'>villa</span> 
     </span>
     <span class='ocr_line' id='line_1_3' title="bbox 166 293 1349 348; baseline -0.003 -14"><span class='ocrx_word' id='word_1_11' title='bbox 166 296 324 348; x_wconf 86' lang='lat' dir='ltr'>regalis,</span> <span class='ocrx_word' id='word_1_12' title='bbox 335 298 581 346; x_wconf 85' lang='lat' dir='ltr'>intravitque</span> <span class='ocrx_word' id='word_1_13' title='bbox 593 297 706 345; x_wconf 85' lang='lat' dir='ltr'>quasi</span> <span class='ocrx_word' id='word_1_14' title='bbox 717 297 905 332; x_wconf 83' lang='lat' dir='ltr'>nuntium</span> <span class='ocrx_word' id='word_1_15' title='bbox 916 294 1066 332; x_wconf 89' lang='lat' dir='ltr'>domini</span> <span class='ocrx_word' id='word_1_16' title='bbox 1077 295 1137 332; x_wconf 85' lang='lat' dir='ltr'>sui</span> <span class='ocrx_word' id='word_1_17' title='bbox 1149 293 1327 331; x_wconf 87' lang='lat' dir='ltr'>referens</span> <span class='ocrx_word' id='word_1_18' title='bbox 1340 306 1349 330; x_wconf 73' lang='grc' dir='ltr'>ι</span> 
     </span>
     <span class='ocr_line' id='line_1_4' title="bbox 167 354 1351 408; baseline -0.004 -12"><span class='ocrx_word' id='word_1_19' title='bbox 167 363 210 397; x_wconf 92' lang='lat' dir='ltr'>et</span> <span class='ocrx_word' id='word_1_20' title='bbox 239 371 330 395; x_wconf 88' lang='lat' dir='ltr'>eum</span> <span class='ocrx_word' id='word_1_21' title='bbox 359 356 588 395; x_wconf 78' lang='lat' dir='ltr'>simulatam</span> <span class='ocrx_word' id='word_1_22' title='bbox 616 357 864 408; x_wconf 79' lang='lat' dir='ltr'>legationem</span> <span class='ocrx_word' id='word_1_23' title='bbox 893 369 962 394; x_wconf 90' lang='lat' dir='ltr'>ore</span> <span class='ocrx_word' id='word_1_24' title='bbox 993 360 1128 393; x_wconf 89' lang='lat' dir='ltr'>astuto</span> <span class='ocrx_word' id='word_1_25' title='bbox 1158 354 1351 400; x_wconf 83' lang='lat' dir='ltr'>volveret,</span> 
     </span>
     <span class='ocr_line' id='line_1_5' title="bbox 168 418 1350 469; baseline -0.004 -12"><span class='ocrx_word' id='word_1_26' title='bbox 168 421 393 457; x_wconf 77' lang='lat' dir='ltr'>exsurrexit</span> <span class='ocrx_word' id='word_1_27' title='bbox 431 423 616 469; x_wconf 88' lang='lat' dir='ltr'>repente,</span> <span class='ocrx_word' id='word_1_28' title='bbox 656 422 700 456; x_wconf 91' lang='lat' dir='ltr'>et</span> <span class='ocrx_word' id='word_1_29' title='bbox 739 419 953 468; x_wconf 82' lang='lat' dir='ltr'>evaginata</span> <span class='ocrx_word' id='word_1_30' title='bbox 992 418 1066 454; x_wconf 90' lang='lat' dir='ltr'>sub</span> <span class='ocrx_word' id='word_1_31' title='bbox 1105 420 1218 454; x_wconf 86' lang='lat' dir='ltr'>veste</span> <span class='ocrx_word' id='word_1_32' title='bbox 1257 418 1350 460; x_wconf 88' lang='lat' dir='ltr'>sica,</span> 
     </span>
     <span class='ocr_line' id='line_1_6' title="bbox 166 477 1351 532; baseline -0.003 -15"><span class='ocrx_word' id='word_1_33' title='bbox 166 484 364 532; x_wconf 88' lang='lat' dir='ltr'>impetum</span> <span class='ocrx_word' id='word_1_34' title='bbox 393 480 491 518; x_wconf 82' lang='lat' dir='ltr'>fecit</span> <span class='ocrx_word' id='word_1_35' title='bbox 519 482 560 517; x_wconf 93' lang='lat' dir='ltr'>in</span> <span class='ocrx_word' id='word_1_36' title='bbox 588 493 739 531; x_wconf 85' lang='lat' dir='ltr'>regem.</span> <span class='ocrx_word' id='word_1_37' title='bbox 794 479 914 526; x_wconf 83' lang='lat' dir='ltr'>Quod</span> <span class='ocrx_word' id='word_1_38' title='bbox 943 492 1034 516; x_wconf 85' lang='lat' dir='ltr'>cum</span> <span class='ocrx_word' id='word_1_39' title='bbox 1064 478 1220 516; x_wconf 68' lang='lat' dir='ltr'>videret</span> <span class='ocrx_word' id='word_1_40' title='bbox 1249 477 1351 514; x_wconf 86' lang='lat' dir='ltr'>Lilla</span> 
     </span>
     <span class='ocr_line' id='line_1_7' title="bbox 167 539 1351 593; baseline -0.003 -13"><span class='ocrx_word' id='word_1_41' title='bbox 167 545 348 580; x_wconf 77' lang='lat' dir='ltr'>minister</span> <span class='ocrx_word' id='word_1_42' title='bbox 381 544 467 593; x_wconf 82' lang='lat' dir='ltr'>regi</span> <span class='ocrx_word' id='word_1_43' title='bbox 501 543 773 585; x_wconf 88' lang='lat' dir='ltr'>amicissimus,</span> <span class='ocrx_word' id='word_1_44' title='bbox 807 554 888 578; x_wconf 91' lang='lat' dir='ltr'>non</span> <span class='ocrx_word' id='word_1_45' title='bbox 920 540 1073 578; x_wconf 89' lang='lat' dir='ltr'>habens</span> <span class='ocrx_word' id='word_1_46' title='bbox 1107 544 1266 577; x_wconf 86' lang='lat' dir='ltr'>scutum</span> <span class='ocrx_word' id='word_1_47' title='bbox 1300 539 1351 577; x_wconf 84' lang='lat' dir='ltr'>ad</span> 
     </span>
     <span class='ocr_line' id='line_1_8' title="bbox 167 602 1351 655; baseline -0.004 -13"><span class='ocrx_word' id='word_1_48' title='bbox 167 618 332 642; x_wconf 89' lang='lat' dir='ltr'>manum</span> <span class='ocrx_word' id='word_1_49' title='bbox 361 617 440 654; x_wconf 92' lang='lat' dir='ltr'>quo</span> <span class='ocrx_word' id='word_1_50' title='bbox 470 617 610 655; x_wconf 89' lang='lat' dir='ltr'>regem</span> <span class='ocrx_word' id='word_1_51' title='bbox 640 616 664 640; x_wconf 87' lang='lat' dir='ltr'>a</span> <span class='ocrx_word' id='word_1_52' title='bbox 692 616 791 641; x_wconf 86' lang='lat' dir='ltr'>nece</span> <span class='ocrx_word' id='word_1_53' title='bbox 822 602 1076 646; x_wconf 88' lang='lat' dir='ltr'>defenderet,</span> <span class='ocrx_word' id='word_1_54' title='bbox 1105 603 1200 638; x_wconf 73' lang='lat' dir='ltr'>moi&lt;</span> <span class='ocrx_word' id='word_1_55' title='bbox 1229 603 1351 639; x_wconf 85' lang='lat' dir='ltr'>inter-</span> 
     </span>
     <span class='ocr_line' id='line_1_9' title="bbox 169 663 1351 716; baseline -0.005 -12"><span class='ocrx_word' id='word_1_56' title='bbox 169 669 301 716; x_wconf 82' lang='lat' dir='ltr'><strong>posuit</strong></span> <span class='ocrx_word' id='word_1_57' title='bbox 319 678 460 716; x_wconf 91' lang='lat' dir='ltr'>corpus</span> <span class='ocrx_word' id='word_1_58' title='bbox 479 679 595 702; x_wconf 90' lang='lat' dir='ltr'>suum</span> <span class='ocrx_word' id='word_1_59' title='bbox 615 669 710 702; x_wconf 83' lang='lat' dir='ltr'>ante</span> <span class='ocrx_word' id='word_1_60' title='bbox 728 667 854 701; x_wconf 84' lang='lat' dir='ltr'>ictum</span> <span class='ocrx_word' id='word_1_61' title='bbox 872 665 1112 714; x_wconf 83' lang='lat' dir='ltr'>pungentis:</span> <span class='ocrx_word' id='word_1_62' title='bbox 1145 663 1218 701; x_wconf 85' lang='lat' dir='ltr'>sed</span> <span class='ocrx_word' id='word_1_63' title='bbox 1235 667 1351 699; x_wconf 81' lang='lat' dir='ltr'>tanta</span> 
     </span>
     <span class='ocr_line' id='line_1_10' title="bbox 168 723 1351 776; baseline -0.003 -12"><span class='ocrx_word' id='word_1_64' title='bbox 168 730 205 764; x_wconf 93' lang='lat' dir='ltr'>vi</span> <span class='ocrx_word' id='word_1_65' title='bbox 231 728 355 765; x_wconf 86' lang='lat' dir='ltr'>hostis</span> <span class='ocrx_word' id='word_1_66' title='bbox 382 727 533 765; x_wconf 83' lang='lat' dir='ltr'>ferrum</span> <span class='ocrx_word' id='word_1_67' title='bbox 559 727 704 770; x_wconf 80' lang='lat' dir='ltr'>infixit,</span> <span class='ocrx_word' id='word_1_68' title='bbox 732 730 779 763; x_wconf 86' lang='lat' dir='ltr'>ut</span> <span class='ocrx_word' id='word_1_69' title='bbox 804 739 877 776; x_wconf 88' lang='lat' dir='ltr'>per</span> <span class='ocrx_word' id='word_1_70' title='bbox 904 738 1044 774; x_wconf 84' lang='lat' dir='ltr'>corpus</span> <span class='ocrx_word' id='word_1_71' title='bbox 1072 723 1208 761; x_wconf 85' lang='lat' dir='ltr'>militis</span> <span class='ocrx_word' id='word_1_72' title='bbox 1236 725 1351 761; x_wconf 88' lang='lat' dir='ltr'>occisi</span> 
     </span>
     <span class='ocr_line' id='line_1_11' title="bbox 169 785 1351 840; baseline -0.005 -12"><span class='ocrx_word' id='word_1_73' title='bbox 169 792 292 828; x_wconf 83' lang='lat' dir='ltr'>etiam</span> <span class='ocrx_word' id='word_1_74' title='bbox 328 802 466 840; x_wconf 86' lang='lat' dir='ltr'>regem</span> <span class='ocrx_word' id='word_1_75' title='bbox 504 787 744 825; x_wconf 82' lang='lat' dir='ltr'>vulneraret.</span> <span class='ocrx_word' id='word_1_76' title='bbox 801 787 880 833; x_wconf 85' lang='lat' dir='ltr'>Qui</span> <span class='ocrx_word' id='word_1_77' title='bbox 916 799 1008 823; x_wconf 90' lang='lat' dir='ltr'>cum</span> <span class='ocrx_word' id='word_1_78' title='bbox 1043 799 1137 822; x_wconf 85' lang='lat' dir='ltr'>mox</span> <span class='ocrx_word' id='word_1_79' title='bbox 1175 785 1351 835; x_wconf 90' lang='lat' dir='ltr'>undique</span> 
     </span>
     <span class='ocr_line' id='line_1_12' title="bbox 168 845 1351 902; baseline -0.003 -15"><span class='ocrx_word' id='word_1_80' title='bbox 168 850 308 902; x_wconf 79' lang='lat' dir='ltr'>gladiis</span> <span class='ocrx_word' id='word_1_81' title='bbox 332 852 611 900; x_wconf 66' lang='lat' dir='ltr'>impeteretur,</span> <span class='ocrx_word' id='word_1_82' title='bbox 633 850 675 885; x_wconf 90' lang='lat' dir='ltr'>in</span> <span class='ocrx_word' id='word_1_83' title='bbox 697 850 783 898; x_wconf 87' lang='lat' dir='ltr'>ipso</span> <span class='ocrx_word' id='word_1_84' title='bbox 806 846 985 884; x_wconf 85' lang='lat' dir='ltr'>tumultu</span> <span class='ocrx_word' id='word_1_85' title='bbox 1009 849 1133 885; x_wconf 86' lang='lat' dir='ltr'>etiam</span> <span class='ocrx_word' id='word_1_86' title='bbox 1156 845 1278 883; x_wconf 87' lang='lat' dir='ltr'>alium</span> <span class='ocrx_word' id='word_1_87' title='bbox 1301 846 1351 883; x_wconf 89' lang='lat' dir='ltr'>de</span> 
     </span>
     <span class='ocr_line' id='line_1_13' title="bbox 168 907 1353 955; baseline -0.004 -6"><span class='ocrx_word' id='word_1_88' title='bbox 168 912 373 955; x_wconf 70' lang='lat' dir='ltr'>militibus,</span> <span class='ocrx_word' id='word_1_89' title='bbox 411 912 474 948; x_wconf 85' lang='lat' dir='ltr'>cui</span> <span class='ocrx_word' id='word_1_90' title='bbox 511 923 658 947; x_wconf 91' lang='lat' dir='ltr'>nomen</span> <span class='ocrx_word' id='word_1_91' title='bbox 695 914 783 947; x_wconf 86' lang='lat' dir='ltr'>erat</span> <span class='ocrx_word' id='word_1_92' title='bbox 820 908 1025 954; x_wconf 82' lang='lat' dir='ltr'>Fordheri,</span> <span class='ocrx_word' id='word_1_93' title='bbox 1061 910 1141 946; x_wconf 85' lang='lat' dir='ltr'>sica</span> <span class='ocrx_word' id='word_1_94' title='bbox 1177 907 1353 945; x_wconf 86' lang='lat' dir='ltr'>nefanda</span> 
     </span>
     <span class='ocr_line' id='line_1_14' title="bbox 169 976 352 1023; baseline -0.016 -11"><span class='ocrx_word' id='word_1_95' title='bbox 169 976 352 1023; x_wconf 84' lang='lat' dir='ltr'>peremit.</span> 
     </span>
    </p>

    <p class='ocr_par' dir='ltr' id='par_1_3' title="bbox 169 1031 1354 1761">
     <span class='ocr_line' id='line_1_15' title="bbox 221 1031 1351 1081; baseline -0.003 -10"><span class='ocrx_word' id='word_1_96' title='bbox 221 1035 374 1072; x_wconf 84' lang='lat' dir='ltr'>Eadem</span> <span class='ocrx_word' id='word_1_97' title='bbox 391 1039 529 1072; x_wconf 86' lang='lat' dir='ltr'>autem</span> <span class='ocrx_word' id='word_1_98' title='bbox 549 1037 666 1070; x_wconf 86' lang='lat' dir='ltr'>nocte</span> <span class='ocrx_word' id='word_1_99' title='bbox 688 1036 940 1070; x_wconf 82' lang='lat' dir='ltr'>sacrosancta</span> <span class='ocrx_word' id='word_1_100' title='bbox 958 1031 1159 1069; x_wconf 86' lang='lat' dir='ltr'>Dominici</span> <span class='ocrx_word' id='word_1_101' title='bbox 1178 1031 1351 1081; x_wconf 81' lang='lat' dir='ltr'>paschae</span> 
     </span>
     <span class='ocr_line' id='line_1_16' title="bbox 170 1091 1349 1147; baseline -0.005 -12"><span class='ocrx_word' id='word_1_102' title='bbox 170 1101 384 1147; x_wconf 74' lang='lat' dir='ltr'>pepererat</span> <span class='ocrx_word' id='word_1_103' title='bbox 417 1098 557 1147; x_wconf 79' lang='lat' dir='ltr'>regina</span> <span class='ocrx_word' id='word_1_104' title='bbox 587 1094 709 1131; x_wconf 86' lang='lat' dir='ltr'>filiam</span> <span class='ocrx_word' id='word_1_105' title='bbox 741 1096 841 1145; x_wconf 74' lang='lat' dir='ltr'>regi,</span> <span class='ocrx_word' id='word_1_106' title='bbox 874 1095 937 1131; x_wconf 84' lang='lat' dir='ltr'>cui</span> <span class='ocrx_word' id='word_1_107' title='bbox 966 1106 1113 1131; x_wconf 88' lang='lat' dir='ltr'>nomen</span> <span class='ocrx_word' id='word_1_108' title='bbox 1141 1091 1349 1130; x_wconf 81' lang='lat' dir='ltr'>Aeanfled.</span> 
     </span>
     <span class='ocr_line' id='line_1_17' title="bbox 171 1154 1352 1208; baseline -0.004 -13"><span class='ocrx_word' id='word_1_109' title='bbox 171 1158 352 1208; x_wconf 85' lang='lat' dir='ltr'>Cumque</span> <span class='ocrx_word' id='word_1_110' title='bbox 402 1158 509 1195; x_wconf 90' lang='lat' dir='ltr'>idem</span> <span class='ocrx_word' id='word_1_111' title='bbox 560 1170 631 1194; x_wconf 83' lang='lat' dir='ltr'>rex</span> <span class='ocrx_word' id='word_1_112' title='bbox 683 1160 897 1206; x_wconf 84' lang='lat' dir='ltr'>praesente</span> <span class='ocrx_word' id='word_1_113' title='bbox 950 1154 1115 1192; x_wconf 84' lang='lat' dir='ltr'>Paulino</span> <span class='ocrx_word' id='word_1_114' title='bbox 1167 1156 1352 1204; x_wconf 84' lang='lat' dir='ltr'>episcopo</span> 
     </span>
     <span class='ocr_line' id='line_1_18' title="bbox 169 1215 1354 1271; baseline -0.004 -14"><span class='ocrx_word' id='word_1_115' title='bbox 169 1222 318 1271; x_wconf 84' lang='lat' dir='ltr'>gratias</span> <span class='ocrx_word' id='word_1_116' title='bbox 347 1223 487 1270; x_wconf 82' lang='lat' dir='ltr'>ageret</span> <span class='ocrx_word' id='word_1_117' title='bbox 514 1219 587 1256; x_wconf 86' lang='lat' dir='ltr'>diis</span> <span class='ocrx_word' id='word_1_118' title='bbox 615 1220 694 1256; x_wconf 88' lang='lat' dir='ltr'>suis</span> <span class='ocrx_word' id='word_1_119' title='bbox 721 1231 792 1268; x_wconf 87' lang='lat' dir='ltr'>pro</span> <span class='ocrx_word' id='word_1_120' title='bbox 819 1221 917 1254; x_wconf 85' lang='lat' dir='ltr'>nata</span> <span class='ocrx_word' id='word_1_121' title='bbox 942 1218 1018 1254; x_wconf 91' lang='lat' dir='ltr'>sibi</span> <span class='ocrx_word' id='word_1_122' title='bbox 1044 1215 1137 1260; x_wconf 87' lang='lat' dir='ltr'>filia,</span> <span class='ocrx_word' id='word_1_123' title='bbox 1165 1229 1187 1254; x_wconf 87' lang='lat' dir='ltr'>e</span> <span class='ocrx_word' id='word_1_124' title='bbox 1215 1219 1354 1253; x_wconf 86' lang='lat' dir='ltr'>contra</span> 
     </span>
     <span class='ocr_line' id='line_1_19' title="bbox 171 1276 1353 1332; baseline -0.005 -13"><span class='ocrx_word' id='word_1_125' title='bbox 171 1283 377 1332; x_wconf 81' lang='lat' dir='ltr'>episcopus</span> <span class='ocrx_word' id='word_1_126' title='bbox 423 1281 572 1331; x_wconf 87' lang='lat' dir='ltr'>gratias</span> <span class='ocrx_word' id='word_1_127' title='bbox 617 1281 751 1329; x_wconf 85' lang='lat' dir='ltr'>coepit</span> <span class='ocrx_word' id='word_1_128' title='bbox 796 1292 916 1330; x_wconf 85' lang='lat' dir='ltr'>agere</span> <span class='ocrx_word' id='word_1_129' title='bbox 961 1277 1136 1316; x_wconf 87' lang='lat' dir='ltr'>Domino</span> <span class='ocrx_word' id='word_1_130' title='bbox 1182 1276 1353 1321; x_wconf 85' lang='lat' dir='ltr'>Christo,</span> 
     </span>
     <span class='ocr_line' id='line_1_20' title="bbox 170 1337 1353 1393; baseline -0.003 -14"><span class='ocrx_word' id='word_1_131' title='bbox 170 1345 335 1393; x_wconf 77' lang='lat' dir='ltr'>regique</span> <span class='ocrx_word' id='word_1_132' title='bbox 355 1342 575 1385; x_wconf 83' lang='lat' dir='ltr'>adstruere,</span> <span class='ocrx_word' id='word_1_133' title='bbox 595 1341 702 1392; x_wconf 92' lang='lat' dir='ltr'>quod</span> <span class='ocrx_word' id='word_1_134' title='bbox 718 1343 802 1390; x_wconf 89' lang='lat' dir='ltr'>ipse</span> <span class='ocrx_word' id='word_1_135' title='bbox 820 1340 1003 1390; x_wconf 77' lang='lat' dir='ltr'>precibus</span> <span class='ocrx_word' id='word_1_136' title='bbox 1021 1341 1101 1376; x_wconf 86' lang='lat' dir='ltr'>suis</span> <span class='ocrx_word' id='word_1_137' title='bbox 1119 1338 1228 1389; x_wconf 88' lang='lat' dir='ltr'>apud</span> <span class='ocrx_word' id='word_1_138' title='bbox 1241 1337 1353 1376; x_wconf 90' lang='lat' dir='ltr'>illum</span> 
     </span>
     <span class='ocr_line' id='line_1_21' title="bbox 171 1400 1353 1453; baseline -0.004 -13"><span class='ocrx_word' id='word_1_139' title='bbox 171 1406 403 1447; x_wconf 73' lang='lat' dir='ltr'>obtinuerit,</span> <span class='ocrx_word' id='word_1_140' title='bbox 431 1407 478 1440; x_wconf 91' lang='lat' dir='ltr'>ut</span> <span class='ocrx_word' id='word_1_141' title='bbox 503 1405 643 1453; x_wconf 85' lang='lat' dir='ltr'>regina</span> <span class='ocrx_word' id='word_1_142' title='bbox 669 1415 804 1452; x_wconf 85' lang='lat' dir='ltr'>sospes</span> <span class='ocrx_word' id='word_1_143' title='bbox 832 1406 876 1439; x_wconf 89' lang='lat' dir='ltr'>et</span> <span class='ocrx_word' id='word_1_144' title='bbox 902 1402 1054 1451; x_wconf 77' lang='lat' dir='ltr'>absque</span> <span class='ocrx_word' id='word_1_145' title='bbox 1081 1400 1217 1438; x_wconf 88' lang='lat' dir='ltr'>dolore</span> <span class='ocrx_word' id='word_1_146' title='bbox 1242 1401 1353 1450; x_wconf 80' lang='lat' dir='ltr'>gravi</span> 
     </span>
     <span class='ocr_line' id='line_1_22' title="bbox 171 1461 1353 1515; baseline -0.004 -12"><span class='ocrx_word' id='word_1_147' title='bbox 171 1465 348 1503; x_wconf 78' lang='lat' dir='ltr'>sobolem</span> <span class='ocrx_word' id='word_1_148' title='bbox 384 1469 625 1515; x_wconf 82' lang='lat' dir='ltr'>procrearet.</span> <span class='ocrx_word' id='word_1_149' title='bbox 681 1464 801 1500; x_wconf 88' lang='lat' dir='ltr'>Cuius</span> <span class='ocrx_word' id='word_1_150' title='bbox 838 1464 968 1501; x_wconf 77' lang='lat' dir='ltr'>verbis</span> <span class='ocrx_word' id='word_1_151' title='bbox 1006 1461 1232 1500; x_wconf 83' lang='lat' dir='ltr'>delectatus</span> <span class='ocrx_word' id='word_1_152' title='bbox 1268 1474 1353 1505; x_wconf 88' lang='lat' dir='ltr'>rex,</span> 
     </span>
     <span class='ocr_line' id='line_1_23' title="bbox 171 1524 1354 1577; baseline -0.004 -12"><span class='ocrx_word' id='word_1_153' title='bbox 171 1529 352 1577; x_wconf 89' lang='lat' dir='ltr'>promisit</span> <span class='ocrx_word' id='word_1_154' title='bbox 379 1540 421 1564; x_wconf 84' lang='lat' dir='ltr'>se</span> <span class='ocrx_word' id='word_1_155' title='bbox 450 1527 745 1564; x_wconf 82' lang='lat' dir='ltr'>abrenunciatis</span> <span class='ocrx_word' id='word_1_156' title='bbox 772 1524 886 1562; x_wconf 85' lang='lat' dir='ltr'>idolis</span> <span class='ocrx_word' id='word_1_157' title='bbox 915 1524 1072 1562; x_wconf 83' lang='lat' dir='ltr'>Christo</span> <span class='ocrx_word' id='word_1_158' title='bbox 1100 1525 1354 1567; x_wconf 84' lang='lat' dir='ltr'>serviturum,</span> 
     </span>
     <span class='ocr_line' id='line_1_24' title="bbox 171 1585 1354 1637; baseline -0.003 -12"><span class='ocrx_word' id='word_1_159' title='bbox 171 1592 203 1625; x_wconf 78' lang='lat' dir='ltr'>si</span> <span class='ocrx_word' id='word_1_160' title='bbox 224 1592 348 1626; x_wconf 86' lang='lat' dir='ltr'>vitam</span> <span class='ocrx_word' id='word_1_161' title='bbox 370 1589 443 1626; x_wconf 88' lang='lat' dir='ltr'>sibi</span> <span class='ocrx_word' id='word_1_162' title='bbox 466 1592 509 1626; x_wconf 89' lang='lat' dir='ltr'>et</span> <span class='ocrx_word' id='word_1_163' title='bbox 530 1589 737 1625; x_wconf 85' lang='lat' dir='ltr'>victoriam</span> <span class='ocrx_word' id='word_1_164' title='bbox 758 1587 928 1625; x_wconf 87' lang='lat' dir='ltr'>donaret</span> <span class='ocrx_word' id='word_1_165' title='bbox 947 1587 1145 1637; x_wconf 85' lang='lat' dir='ltr'>pugnanti</span> <span class='ocrx_word' id='word_1_166' title='bbox 1167 1585 1354 1623; x_wconf 86' lang='lat' dir='ltr'>adversus</span> 
     </span>
     <span class='ocr_line' id='line_1_25' title="bbox 171 1646 1354 1702; baseline -0.006 -14"><span class='ocrx_word' id='word_1_167' title='bbox 171 1664 322 1702; x_wconf 84' lang='lat' dir='ltr'>regem,</span> <span class='ocrx_word' id='word_1_168' title='bbox 351 1663 375 1687; x_wconf 91' lang='lat' dir='ltr'>a</span> <span class='ocrx_word' id='word_1_169' title='bbox 404 1663 482 1700; x_wconf 88' lang='lat' dir='ltr'>quo</span> <span class='ocrx_word' id='word_1_170' title='bbox 510 1649 709 1686; x_wconf 81' lang='lat' dir='ltr'>homicida</span> <span class='ocrx_word' id='word_1_171' title='bbox 736 1648 816 1694; x_wconf 90' lang='lat' dir='ltr'>ille,</span> <span class='ocrx_word' id='word_1_172' title='bbox 845 1649 913 1698; x_wconf 89' lang='lat' dir='ltr'>qui</span> <span class='ocrx_word' id='word_1_173' title='bbox 942 1661 1035 1686; x_wconf 89' lang='lat' dir='ltr'>eum</span> <span class='ocrx_word' id='word_1_174' title='bbox 1062 1646 1354 1690; x_wconf 86' lang='lat' dir='ltr'>vulneraverat,</span> 
     </span>
     <span class='ocr_line' id='line_1_26' title="bbox 171 1707 1354 1761; baseline -0.003 -12"><span class='ocrx_word' id='word_1_175' title='bbox 171 1714 310 1749; x_wconf 81' lang='lat' dir='ltr'>missus</span> <span class='ocrx_word' id='word_1_176' title='bbox 347 1715 430 1749; x_wconf 85' lang='lat' dir='ltr'>est:</span> <span class='ocrx_word' id='word_1_177' title='bbox 481 1717 522 1748; x_wconf 86' lang='lat' dir='ltr'>et</span> <span class='ocrx_word' id='word_1_178' title='bbox 556 1712 597 1747; x_wconf 90' lang='lat' dir='ltr'>in</span> <span class='ocrx_word' id='word_1_179' title='bbox 630 1713 775 1761; x_wconf 84' lang='lat' dir='ltr'>pignus</span> <span class='ocrx_word' id='word_1_180' title='bbox 809 1710 1077 1760; x_wconf 82' lang='lat' dir='ltr'>promissionis</span> <span class='ocrx_word' id='word_1_181' title='bbox 1111 1707 1354 1759; x_wconf 84' lang='lat' dir='ltr'>implendae,</span> 
     </span>
    </p>
   </div>
   <div class='ocr_carea' id='block_1_3' title="bbox 172 1869 1355 2000">
    <p class='ocr_par' dir='ltr' id='par_1_4' title="bbox 172 1869 1355 2000">
     <span class='ocr_line' id='line_1_27' title="bbox 218 1869 1355 1919; baseline -0.004 -13"><span class='ocrx_word' id='word_1_182' title='bbox 218 1877 230 1895; x_wconf 81' lang='lat'>1</span> <span class='ocrx_word' id='word_1_183' title='bbox 254 1875 325 1907; x_wconf 81' lang='lat' dir='ltr'>The</span> <span class='ocrx_word' id='word_1_184' title='bbox 348 1874 446 1916; x_wconf 72' lang='lat' dir='ltr'>royal</span> <span class='ocrx_word' id='word_1_185' title='bbox 471 1873 549 1905; x_wconf 70' lang='lat' dir='ltr'>ulla</span> <span class='ocrx_word' id='word_1_186' title='bbox 576 1883 615 1905; x_wconf 87' lang='lat' dir='ltr'>or</span> <span class='ocrx_word' id='word_1_187' title='bbox 641 1873 815 1905; x_wconf 81' lang='lat' dir='ltr'>residenee</span> <span class='ocrx_word' id='word_1_188' title='bbox 842 1871 1053 1904; x_wconf 82' lang='lat' dir='ltr'>established</span> <span class='ocrx_word' id='word_1_189' title='bbox 1077 1871 1157 1903; x_wconf 82' lang='lat' dir='ltr'>here</span> <span class='ocrx_word' id='word_1_190' title='bbox 1184 1869 1355 1919; x_wconf 86' lang='lat' dir='ltr'>probably</span> 
     </span>
     <span class='ocr_line' id='line_1_28' title="bbox 172 1913 1355 1955; baseline -0.004 -6"><span class='ocrx_word' id='word_1_191' title='bbox 172 1929 217 1950; x_wconf 90' lang='lat' dir='ltr'>on</span> <span class='ocrx_word' id='word_1_192' title='bbox 236 1918 296 1949; x_wconf 83' lang='lat' dir='ltr'>the</span> <span class='ocrx_word' id='word_1_193' title='bbox 316 1918 381 1948; x_wconf 84' lang='lat' dir='ltr'>site</span> <span class='ocrx_word' id='word_1_194' title='bbox 401 1918 437 1948; x_wconf 78' lang='lat' dir='ltr'>oi</span> <span class='ocrx_word' id='word_1_195' title='bbox 456 1927 476 1947; x_wconf 79' lang='lat' dir='ltr'>a</span> <span class='ocrx_word' id='word_1_196' title='bbox 495 1917 634 1948; x_wconf 84' lang='lat' dir='ltr'>Roman</span> <span class='ocrx_word' id='word_1_197' title='bbox 652 1919 759 1953; x_wconf 79' lang='lat' dir='ltr'>town,</span> <span class='ocrx_word' id='word_1_198' title='bbox 780 1915 981 1952; x_wconf 74' lang='lat' dir='ltr'>Derventio,</span> <span class='ocrx_word' id='word_1_199' title='bbox 1000 1924 1039 1946; x_wconf 79' lang='lat' dir='ltr'>as</span> <span class='ocrx_word' id='word_1_200' title='bbox 1057 1914 1094 1945; x_wconf 88' lang='lat' dir='ltr'>in</span> <span class='ocrx_word' id='word_1_201' title='bbox 1112 1913 1212 1955; x_wconf 84' lang='lat' dir='ltr'>ehap.</span> <span class='ocrx_word' id='word_1_202' title='bbox 1229 1913 1300 1946; x_wconf 80' lang='lat' dir='ltr'>xiv.</span> <span class='ocrx_word' id='word_1_203' title='bbox 1317 1915 1355 1944; x_wconf 77' lang='lat' dir='ltr'>at</span> 
     </span>
     <span class='ocr_line' id='line_1_29' title="bbox 172 1959 741 2000; baseline -0.005 -7"><span class='ocrx_word' id='word_1_204' title='bbox 172 1961 358 1993; x_wconf 81' lang='lat' dir='ltr'>Cataracta</span> <span class='ocrx_word' id='word_1_205' title='bbox 375 1960 445 1991; x_wconf 83' lang='lat' dir='ltr'>and</span> <span class='ocrx_word' id='word_1_206' title='bbox 463 1959 741 2000; x_wconf 80' lang='lat' dir='ltr'>Campodunum.</span> 
     </span>
    </p>
   </div>
   <div class='ocr_carea' id='block_1_4' title="bbox 175 2061 244 2098">
    <p class='ocr_par' dir='ltr' id='par_1_5' title="bbox 175 2061 244 2098">
     <span class='ocr_line' id='line_1_30' title="bbox 175 2061 244 2098; baseline 0.014 -12"><span class='ocrx_word' id='word_1_207' title='bbox 175 2061 244 2098; x_wconf 85' lang='lat'>250</span> 
     </span>
    </p>
   </div>
  </div>
 </body>
</html>
