1473 2322
448 146 557 182 THE
595 144 923 183 VENERABLE
959 145 1106 183 BEDE

184 251 294 286 cuius
333 255 449 299 pater
483 248 609 293 Vitta,
643 251 752 286 cuius
785 254 902 299 pater
934 248 1074 293 Vecta,
1108 251 1218 286 cuius
1250 255 1368 300 pater

186 308 341 352 Voden,
389 308 439 346 de
487 310 596 345 cuius
643 310 767 358 stirpe
813 307 1032 345 multarum
1077 311 1368 358 provinciarum

184 370 340 418 regium
362 380 489 418 genus
513 370 708 418 originem
731 368 859 405 duxit.
915 367 1005 405 Non
1026 381 1138 405 mora
1160 381 1256 418 ergo
1278 381 1369 405 con-

185 427 402 465 fluentibus
417 430 604 465 certatim
619 430 658 463 in
673 427 843 464 insulam
858 430 1042 478 gentium
1056 433 1369 466 memoratarum

186 489 369 532 catervis,
394 487 660 538 grandescere
685 486 855 537 populus
881 489 1014 536 coepit
1034 487 1294 532 advenarum,
1312 489 1371 524 ita

186 553 232 585 ut
247 549 342 598 ipsis
360 560 520 598 quoque
539 549 606 597 qui
625 560 691 584 eos
710 547 1003 584 advocaverant
1019 547 1217 597 indigenis
1235 553 1371 585 essent

185 609 340 646 terrori,
394 607 497 644 Tum
526 607 659 644 subito
688 609 787 644 inito
818 607 869 644 ad
896 612 1058 656 tempus
1087 605 1250 645 foedere
1279 619 1370 644 cum

187 666 308 705 Pictis
349 680 448 718 quos
489 667 645 717 longius
686 669 765 704 iam
806 666 993 704 bellando
1034 666 1289 716 pepulerant,
1330 668 1369 703 in

187 730 311 764 socios
333 740 444 764 arma
465 732 623 765 vertere
644 729 852 776 incipiunt.
907 726 962 763 Et
982 729 1156 776 primum
1172 726 1187 750 1
1209 727 1371 777 quidem

187 800 364 824 annonas
414 787 488 824 sibi
539 799 606 824 eos
656 786 882 824 affluentius
932 788 1159 825 ministrare
1208 792 1372 837 cogunt,

188 852 512 898 quaerentesque
532 848 781 884 occasionem
801 846 974 891 divortii,
988 851 1282 896 protestantur,
1297 848 1370 883 nisi

187 906 383 957 profusior
408 907 483 943 sibi
509 906 791 943 alimentorum
817 908 931 955 copia
956 906 1133 950 daretur,
1159 919 1202 945 se
1228 912 1373 945 cuncta

187 967 340 1005 insulae
348 967 435 1004 loca
442 972 561 1016 rupto
572 965 734 1004 foedere
747 971 985 1003 vastaturos
1016 965 1159 1016 Neque
1168 965 1373 1016 aliquanto

187 1030 348 1078 segnius
367 1029 496 1064 minas
516 1025 724 1064 effectibus
742 1031 1062 1076 prosequuntur:
1096 1027 1308 1076 siquidem,
1327 1033 1373 1065 ut

187 1089 364 1126 breviter
389 1087 533 1131 dicam,
560 1098 748 1124 accensus
773 1086 957 1123 manibus
982 1099 1232 1137 paganorum
1256 1089 1372 1138 ignis,

190 1151 314 1184 iustas
351 1146 403 1185 de
439 1145 654 1184 sceleribus
690 1144 827 1196 populi
863 1145 942 1183 Dei
978 1145 1150 1184 ultiones
1187 1148 1373 1197 expetiit,

190 1219 270 1243 non
294 1204 397 1242 illius
421 1206 551 1254 impar
571 1206 639 1254 qui
659 1204 863 1254 quondam
883 1217 906 1240 a
926 1203 1136 1241 Chaldaeis
1161 1217 1373 1243 succensus

190 1263 559 1314 Hierosolymorum
578 1265 737 1300 moenia
756 1264 878 1299 immo
900 1262 1081 1300 aedificia
1109 1268 1255 1300 cuncta
1282 1277 1374 1301 con-

190 1324 371 1373 sumpsit.
426 1321 489 1359 Sic
529 1323 636 1359 enim
676 1326 719 1359 et
757 1320 821 1358 hic
861 1327 1009 1372 agente
1048 1323 1171 1371 impio
1210 1324 1373 1367 victore,

189 1385 310 1419 immo
346 1381 585 1432 disponente
623 1382 728 1418 iusto
767 1379 919 1424 Iudice,
954 1382 1155 1430 proximas
1193 1394 1373 1432 quasque

189 1442 373 1478 civitates
415 1452 611 1490 agrosque
654 1437 916 1488 depopulans,
958 1438 1009 1475 ab
1050 1438 1234 1476 orientali
1273 1441 1374 1476 mari

191 1513 317 1550 usque
347 1499 399 1537 ad
427 1498 689 1541 occidentale,
719 1497 826 1534 nullo
855 1497 1109 1548 prohibente,
1138 1511 1255 1535 suum
1283 1512 1374 1536 con-

192 1560 364 1596 tinuavit
378 1557 622 1600 incendium,
634 1563 847 1606 totamque
859 1570 984 1607 prope
1000 1556 1153 1594 insulae
1167 1559 1373 1607 pereuntis

191 1617 442 1669 superficiem
458 1618 628 1654 obtexit.
685 1616 874 1654 Ruebant
889 1615 1070 1654 aedificia
1084 1615 1245 1665 publica
1258 1616 1374 1654 simul

192 1683 235 1715 et
262 1679 433 1727 privata,
462 1678 609 1726 passim
639 1675 867 1713 sacerdotes
896 1677 1002 1713 inter
1031 1674 1173 1712 altaria
1202 1675 1374 1713 trucida-

191 1737 353 1780 bantur,
360 1734 563 1786 praesules
572 1748 662 1771 cum
671 1734 826 1784 populis
836 1736 920 1772 sine
931 1733 1011 1771 ullo
1020 1739 1207 1783 respectu
1216 1733 1374 1771 honoris

191 1794 296 1832 ferro
318 1796 469 1844 pariter
492 1799 535 1831 et
556 1793 725 1830 flammis
749 1793 1078 1836 absumebantur,
1099 1805 1174 1830 nec
1197 1798 1285 1830 erat
1306 1795 1373 1843 qui

191 1853 406 1891 crudeliter
426 1855 691 1901 interemptos
720 1851 951 1901 sepulturae
980 1851 1172 1888 traderet.
1229 1850 1374 1901 Itaque

244 1963 256 1981 ¹
279 1961 328 1992 To
346 1961 413 1992 end
429 1961 464 1993 of
480 1960 621 2002 chapter
636 1959 852 2001 abridgment
868 1960 903 1992 of
919 1959 1048 1996 Gssdas,
1066 1959 1098 1999 ἐξ
1113 1960 1168 1996 24,
1184 1960 1238 1996 25,
1253 1963 1375 2004 except

197 2004 254 2036 the
271 2005 438 2036 reference
454 2006 490 2035 to
506 2003 564 2035 the
580 2002 755 2039 Chaldees.

198 2076 240 2112 72?
