1473 2322
456 129 568 166 THE
603 127 934 165 VENERABLE
969 127 1118 165 BEDE

194 232 325 276 huius,
348 237 391 269 et
411 233 535 281 ipsius
557 243 719 281 quoque
741 232 975 268 monasterii
996 232 1169 280 negotiis
1191 228 1381 275 alienare,

193 285 357 335 reliquit
389 287 623 322 monasterii
658 290 701 322 et
734 286 958 321 animarum
991 297 1128 322 curam
1162 283 1276 321 fratri
1309 297 1382 321 suo

195 338 376 383 Fullano,
401 344 444 376 et
467 339 715 389 presbyteris
740 337 938 375 Gobbano
964 343 1007 376 et
1030 337 1204 383 Dicullo‚
1229 343 1272 376 et
1295 340 1381 387 ipse

195 394 246 430 ab
274 393 458 430 omnibus
485 393 625 430 mundi
652 392 772 429 rebus
798 391 913 436 liber,
941 394 982 428 in
1009 391 1265 430 anchoretica
1290 405 1383 429 con-

194 449 420 485 versatione
453 448 578 483 vitam
611 445 725 483 finire
757 446 966 496 disposuit.
1021 445 1177 482 Habuit
1209 444 1382 483 alterum

193 500 376 545 fratrem,
402 499 596 537 vocabulo
623 499 835 544 Ustanum,
862 501 931 549 qui
957 499 1008 537 de
1034 501 1266 537 monasterii
1293 512 1382 549 pro-

193 555 358 591 batione
381 554 586 599 diuturna,
608 554 660 591 ad
681 552 958 592 heremiticam
980 558 1222 603 pervenerat
1243 555 1380 590 vitam.

196 608 315 645 Hunc
346 621 442 658 ergo
472 607 578 645 solus
607 613 768 657 petens,
798 621 948 644 annum
978 613 1112 644 totum
1142 621 1233 644 cum
1264 620 1312 645 eo
1341 609 1381 644 in

193 664 444 699 continentia
475 667 518 699 et
549 662 810 707 orationibus,
841 664 883 698 in
914 662 1158 712 quotidianis
1188 674 1381 698 manuum

194 719 294 753 vixit
316 715 532 753 laboribus.

244 768 353 807 Dein
387 770 595 806 turbatam
630 770 854 806 incursione
890 767 1103 818 gentilium
1137 770 1381 818 provinciam

193 823 347 868 videns,
378 829 421 861 et
448 825 703 860 monasteriis
732 835 894 872 quoque
923 821 1144 872 periculum
1172 825 1382 860 imminere

193 877 446 926 praevidenS,
491 876 662 914 dimissis
705 876 891 913 ordinate
935 877 1133 920 omnibus,
1177 878 1382 926 navigavit

194 930 382 976 Galliam,
423 931 559 980 ibique
602 943 626 966 a
665 943 763 979 rege
805 929 1048 967 Francorum
1090 929 1280 974 Hloduio,
1319 929 1382 967 vel

192 987 361 1035 patricio
402 981 659 1021 Ercunualdo
701 983 917 1021 honorifice
960 989 1184 1034 susceptus,
1225 996 1383 1021 monas-

192 1041 341 1076 terium
371 1040 597 1075 construxit
634 1039 675 1074 in
711 1037 797 1074 loco
836 1037 1056 1074 Latineaeo
1086 1039 1307 1082 nominato,
1337 1051 1383 1075 ac

194 1106 272 1129 non
300 1091 429 1129 multo
457 1097 549 1141 post
577 1090 813 1128 infirmitate
841 1097 1064 1141 correptus,
1092 1091 1200 1129 diem
1239 1091 1383 1128 clausit

193 1146 393 1183 ultimum.
447 1145 569 1182 Cuius
592 1158 735 1195 corpus
759 1145 868 1182 idem
892 1143 1170 1183 Ercunualdus
1192 1147 1382 1195 patricius

193 1202 405 1249 accipiens,
449 1201 624 1237 servavit
666 1202 707 1235 in
750 1201 908 1248 porticu
952 1199 1128 1249 quodam
1171 1199 1381 1244 ecclesiae,

195 1267 316 1303 quam
340 1256 380 1290 in
406 1252 498 1290 villa
522 1266 608 1297 sua,
632 1255 695 1290 cui
719 1266 867 1290 nomen
893 1258 956 1290 est
980 1252 1169 1298 Perrona,
1193 1252 1382 1298 faciebat,

193 1308 320 1345 donec
358 1310 445 1356 ipsa
480 1306 648 1345 ecclesia
683 1306 950 1344 dedicaretur.
1005 1306 1125 1354 Quod
1159 1307 1255 1345 dum
1291 1313 1383 1357 post

193 1362 278 1399 dies
298 1363 439 1411 viginti
459 1366 618 1410 septem
640 1367 748 1398 esset
766 1360 936 1405 factum,
957 1366 999 1398 et
1018 1374 1160 1410 corpus
1179 1363 1310 1410 ipsum
1331 1361 1382 1399 de

193 1417 350 1465 porticu
382 1414 579 1460 ablatum,
610 1428 736 1464 prope
769 1414 896 1452 altare
929 1421 1037 1452 esset
1067 1415 1382 1460 recondendum,

192 1472 403 1507 inventum
429 1474 492 1507 est
516 1471 575 1506 ita
598 1467 784 1512 inlesum,
811 1482 856 1506 ac
881 1470 913 1506 si
939 1469 1082 1506 eadem
1107 1468 1205 1506 hora
1230 1469 1281 1507 de
1306 1468 1382 1506 hac

191 1523 280 1561 luce
310 1522 453 1561 fuisset
484 1535 680 1572 egressus.
735 1522 816 1560 Sed
846 1528 888 1560 et
918 1528 1009 1572 post
1040 1536 1164 1560 annos
1195 1529 1382 1573 quatuor,

193 1582 425 1614 constructa
473 1575 715 1614 domuncula
763 1575 930 1614 cultiore
978 1579 1161 1627 receptui
1209 1580 1380 1627 corporis

193 1631 388 1675 eiusdem,
426 1631 478 1668 ad
516 1633 714 1668 orientem
755 1630 890 1667 altaris
930 1630 1060 1668 adhuc
1098 1633 1183 1668 sine
1222 1631 1378 1668 macula

193 1686 456 1735 corruptionis
493 1686 718 1729 inventum,
756 1684 906 1722 ibidem
944 1684 1066 1735 digno
1103 1698 1194 1722 cum
1230 1683 1380 1723 honore

238 1795 250 1814 ²
273 1796 302 1827 A
320 1795 453 1836 bishop.

193 1883 210 1906 p
236 1838 254 1911 ἶ
271 1838 483 1870 Afterwards
503 1837 613 1869 abbot
629 1837 665 1869 of
683 1838 743 1869 the
763 1841 965 1879 monastery
985 1838 1021 1869 of
1040 1838 1194 1870 Peronne
1213 1838 1283 1870 and
1302 1838 1380 1870 died

202 1884 267 1912 18³.

236 1925 247 1941 Ε
271 1923 343 1954 The
359 1933 437 1954 men
455 1923 489 1954 of
504 1922 630 1953 Mercia
648 1923 756 1954 under
770 1923 901 1955 Penda.

235 1965 248 1983 “¹
271 1966 385 1997 Clovis
402 1965 449 2001 II,
467 1966 630 1997 6384356.

238 2007 251 2027 5
273 2009 395 2050 Mayor
411 2009 446 2040 of
461 2008 520 2039 the
537 2008 655 2049 palace
672 2008 706 2039 of
721 2007 895 2046 Neuetria,
912 2009 1074 2042 640-657.

190 2070 262 2114 426
