<?xml version="1.0" encoding="UTF-8"?>
<!DOCTYPE html PUBLIC "-//W3C//DTD XHTML 1.0 Transitional//EN"
    "http://www.w3.org/TR/xhtml1/DTD/xhtml1-transitional.dtd">
<html xmlns="http://www.w3.org/1999/xhtml" xml:lang="en" lang="en">
 <head>
  <title>
</title>
<meta http-equiv="Content-Type" content="text/html;charset=utf-8" />
  <meta name='ocr-system' content='tesseract 3.04.00' />
  <meta name='ocr-capabilities' content='ocr_page ocr_carea ocr_par ocr_line ocrx_word'/>
</head>
<body>
  <div class='ocr_page' id='page_1' title='image "./operahistorica01bedeuoft_0520.png"; bbox 0 0 1473 2322; ppageno 0'>
   <div class='ocr_carea' id='block_1_1' title="bbox 459 143 1118 182">
    <p class='ocr_par' dir='ltr' id='par_1_1' title="bbox 459 143 1118 182">
     <span class='ocr_line' id='line_1_1' title="bbox 459 143 1118 182; baseline 0.002 -1"><span class='ocrx_word' id='word_1_1' title='bbox 459 144 569 181; x_wconf 90' lang='lat' dir='ltr'>THE</span> <span class='ocrx_word' id='word_1_2' title='bbox 605 143 935 182; x_wconf 89' lang='lat' dir='ltr'><strong>VENERABLE</strong></span> <span class='ocrx_word' id='word_1_3' title='bbox 970 144 1118 182; x_wconf 90' lang='lat' dir='ltr'><strong>BEDE</strong></span> 
     </span>
    </p>
   </div>
   <div class='ocr_carea' id='block_1_2' title="bbox 648 301 937 339">
    <p class='ocr_par' dir='ltr' id='par_1_2' title="bbox 648 301 937 339">
     <span class='ocr_line' id='line_1_2' title="bbox 648 301 937 339; baseline 0 0"><span class='ocrx_word' id='word_1_4' title='bbox 648 301 765 339; x_wconf 88' lang='lat' dir='ltr'>CAP.</span> <span class='ocrx_word' id='word_1_5' title='bbox 803 302 937 339; x_wconf 92' lang='lat' dir='ltr'>XXVI</span> 
     </span>
    </p>
   </div>
   <div class='ocr_carea' id='block_1_3' title="bbox 200 386 1382 545">
    <p class='ocr_par' dir='ltr' id='par_1_3' title="bbox 200 386 1382 545">
     <span class='ocr_line' id='line_1_3' title="bbox 200 386 1382 439; baseline 0.002 -14"><span class='ocrx_word' id='word_1_6' title='bbox 200 387 250 425; x_wconf 73' lang='lat' dir='ltr'>Ut</span> <span class='ocrx_word' id='word_1_7' title='bbox 283 386 435 424; x_wconf 83' lang='lat' dir='ltr'><em>Colman</em></span> <span class='ocrx_word' id='word_1_8' title='bbox 466 386 581 424; x_wconf 80' lang='lat' dir='ltr'>victus</span> <span class='ocrx_word' id='word_1_9' title='bbox 613 387 757 424; x_wconf 80' lang='lat' dir='ltr'>domum</span> <span class='ocrx_word' id='word_1_10' title='bbox 788 387 934 424; x_wconf 76' lang='lat' dir='ltr'>redierit</span> <span class='ocrx_word' id='word_1_11' title='bbox 951 404 968 431; x_wconf 90' lang='lat'>‚·</span> <span class='ocrx_word' id='word_1_12' title='bbox 1012 394 1046 426; x_wconf 83' lang='lat' dir='ltr'>et</span> <span class='ocrx_word' id='word_1_13' title='bbox 1082 388 1190 426; x_wconf 79' lang='lat' dir='ltr'>Tuda</span> <span class='ocrx_word' id='word_1_14' title='bbox 1217 401 1286 439; x_wconf 82' lang='lat' dir='ltr'>pro</span> <span class='ocrx_word' id='word_1_15' title='bbox 1316 388 1382 427; x_wconf 84' lang='lat' dir='ltr'>illo</span> 
     </span>
     <span class='ocr_line' id='line_1_4' title="bbox 295 440 1381 493; baseline 0.003 -16"><span class='ocrx_word' id='word_1_16' title='bbox 295 440 505 491; x_wconf 76' lang='lat' dir='ltr'>episcopatu</span> <span class='ocrx_word' id='word_1_17' title='bbox 537 440 584 478; x_wconf 77' lang='lat' dir='ltr'>sit</span> <span class='ocrx_word' id='word_1_18' title='bbox 604 441 766 491; x_wconf 78' lang='lat' dir='ltr'>functus</span> <span class='ocrx_word' id='word_1_19' title='bbox 786 457 798 478; x_wconf 93' lang='lat'>.·</span> <span class='ocrx_word' id='word_1_20' title='bbox 847 441 1040 493; x_wconf 77' lang='lat' dir='ltr'>qualisque</span> <span class='ocrx_word' id='word_1_21' title='bbox 1069 442 1146 480; x_wconf 76' lang='lat' dir='ltr'>illis</span> <span class='ocrx_word' id='word_1_22' title='bbox 1177 442 1381 480; x_wconf 79' lang='lat' dir='ltr'>doctoribus</span> 
     </span>
     <span class='ocr_line' id='line_1_5' title="bbox 284 494 787 545; baseline 0 -14"><span class='ocrx_word' id='word_1_23' title='bbox 284 494 410 545; x_wconf 78' lang='lat' dir='ltr'>fuerit</span> <span class='ocrx_word' id='word_1_24' title='bbox 434 494 579 532; x_wconf 75' lang='lat' dir='ltr'>habitus</span> <span class='ocrx_word' id='word_1_25' title='bbox 602 494 787 532; x_wconf 84' lang='lat' dir='ltr'>ecclesiae.</span> 
     </span>
    </p>
   </div>
   <div class='ocr_carea' id='block_1_4' title="bbox 194 579 1381 1915">
    <p class='ocr_par' dir='ltr' id='par_1_4' title="bbox 194 579 1381 1434">
     <span class='ocr_line' id='line_1_6' title="bbox 247 579 1381 631; baseline 0.002 -15"><span class='ocrx_word' id='word_1_26' title='bbox 247 579 469 621; x_wconf 75' lang='lat' dir='ltr'>F1N1TOQUE</span> <span class='ocrx_word' id='word_1_27' title='bbox 484 579 685 624; x_wconf 87' lang='lat' dir='ltr'>conflictu,</span> <span class='ocrx_word' id='word_1_28' title='bbox 701 593 746 617; x_wconf 89' lang='lat' dir='ltr'>ac</span> <span class='ocrx_word' id='word_1_29' title='bbox 761 579 892 617; x_wconf 86' lang='lat' dir='ltr'>soluta</span> <span class='ocrx_word' id='word_1_30' title='bbox 907 583 1110 626; x_wconf 84' lang='lat' dir='ltr'>concione,</span> <span class='ocrx_word' id='word_1_31' title='bbox 1125 580 1381 631; x_wconf 86' lang='lat' dir='ltr'>Agilberctus</span> 
     </span>
     <span class='ocr_line' id='line_1_7' title="bbox 195 633 1381 684; baseline 0.002 -14"><span class='ocrx_word' id='word_1_32' title='bbox 195 634 360 671; x_wconf 90' lang='lat' dir='ltr'>domum</span> <span class='ocrx_word' id='word_1_33' title='bbox 389 634 520 671; x_wconf 88' lang='lat' dir='ltr'>rediit.</span> <span class='ocrx_word' id='word_1_34' title='bbox 577 633 743 670; x_wconf 85' lang='lat' dir='ltr'>Colman</span> <span class='ocrx_word' id='word_1_35' title='bbox 773 635 911 671; x_wconf 78' lang='lat' dir='ltr'>videns</span> <span class='ocrx_word' id='word_1_36' title='bbox 941 641 1119 684; x_wconf 88' lang='lat' dir='ltr'>spretam</span> <span class='ocrx_word' id='word_1_37' title='bbox 1148 648 1261 672; x_wconf 90' lang='lat' dir='ltr'>suam</span> <span class='ocrx_word' id='word_1_38' title='bbox 1290 636 1381 672; x_wconf 90' lang='lat' dir='ltr'>doc-</span> 
     </span>
     <span class='ocr_line' id='line_1_8' title="bbox 195 688 1381 738; baseline 0.001 -14"><span class='ocrx_word' id='word_1_39' title='bbox 195 690 357 732; x_wconf 79' lang='lat' dir='ltr'><strong>trinam,</strong></span> <span class='ocrx_word' id='word_1_40' title='bbox 374 693 608 737; x_wconf 79' lang='lat' dir='ltr'>sectamque</span> <span class='ocrx_word' id='word_1_41' title='bbox 627 701 713 725; x_wconf 88' lang='lat' dir='ltr'>esse</span> <span class='ocrx_word' id='word_1_42' title='bbox 732 688 979 737; x_wconf 71' lang='lat' dir='ltr'><strong>despectam,</strong></span> <span class='ocrx_word' id='word_1_43' title='bbox 997 689 1219 738; x_wconf 82' lang='lat' dir='ltr'>adsumptis</span> <span class='ocrx_word' id='word_1_44' title='bbox 1237 688 1296 725; x_wconf 91' lang='lat' dir='ltr'>his</span> <span class='ocrx_word' id='word_1_45' title='bbox 1313 690 1381 738; x_wconf 89' lang='lat' dir='ltr'>qui</span> 
     </span>
     <span class='ocr_line' id='line_1_9' title="bbox 195 740 1381 791; baseline 0.001 -13"><span class='ocrx_word' id='word_1_46' title='bbox 195 755 237 778; x_wconf 84' lang='lat' dir='ltr'>se</span> <span class='ocrx_word' id='word_1_47' title='bbox 260 744 373 791; x_wconf 88' lang='lat' dir='ltr'>sequi</span> <span class='ocrx_word' id='word_1_48' title='bbox 396 740 622 786; x_wconf 86' lang='lat' dir='ltr'>voluerunt,</span> <span class='ocrx_word' id='word_1_49' title='bbox 643 741 684 778; x_wconf 87' lang='lat' dir='ltr'>id</span> <span class='ocrx_word' id='word_1_50' title='bbox 707 747 782 786; x_wconf 82' lang='lat' dir='ltr'>est,</span> <span class='ocrx_word' id='word_1_51' title='bbox 805 744 871 791; x_wconf 87' lang='lat' dir='ltr'>qui</span> <span class='ocrx_word' id='word_1_52' title='bbox 894 741 1041 790; x_wconf 87' lang='lat' dir='ltr'>pascha</span> <span class='ocrx_word' id='word_1_53' title='bbox 1062 741 1316 786; x_wconf 87' lang='lat' dir='ltr'>catholicum,</span> <span class='ocrx_word' id='word_1_54' title='bbox 1339 747 1381 779; x_wconf 88' lang='lat' dir='ltr'>et</span> 
     </span>
     <span class='ocr_line' id='line_1_10' title="bbox 197 794 1377 844; baseline 0.001 -13"><span class='ocrx_word' id='word_1_55' title='bbox 197 801 402 832; x_wconf 78' lang='lat' dir='ltr'>tonsuram</span> <span class='ocrx_word' id='word_1_56' title='bbox 450 808 620 831; x_wconf 91' lang='lat' dir='ltr'>coronae</span> <span class='ocrx_word' id='word_1_57' title='bbox 658 795 767 843; x_wconf 85' lang='lat' dir='ltr'>(nam</span> <span class='ocrx_word' id='word_1_58' title='bbox 805 801 846 832; x_wconf 91' lang='lat' dir='ltr'>et</span> <span class='ocrx_word' id='word_1_59' title='bbox 883 795 933 832; x_wconf 84' lang='lat' dir='ltr'>de</span> <span class='ocrx_word' id='word_1_60' title='bbox 970 794 1043 831; x_wconf 90' lang='lat' dir='ltr'>hoc</span> <span class='ocrx_word' id='word_1_61' title='bbox 1079 798 1262 844; x_wconf 82' lang='lat' dir='ltr'>quaestio</span> <span class='ocrx_word' id='word_1_62' title='bbox 1298 808 1377 832; x_wconf 89' lang='lat' dir='ltr'>non</span> 
     </span>
     <span class='ocr_line' id='line_1_11' title="bbox 196 848 1381 899; baseline 0.001 -14"><span class='ocrx_word' id='word_1_63' title='bbox 196 851 359 885; x_wconf 86' lang='lat' dir='ltr'>minima</span> <span class='ocrx_word' id='word_1_64' title='bbox 373 849 491 898; x_wconf 77' lang='lat' dir='ltr'>erat),</span> <span class='ocrx_word' id='word_1_65' title='bbox 505 851 682 897; x_wconf 89' lang='lat' dir='ltr'>recipere</span> <span class='ocrx_word' id='word_1_66' title='bbox 697 848 903 893; x_wconf 85' lang='lat' dir='ltr'>nolebant,</span> <span class='ocrx_word' id='word_1_67' title='bbox 917 851 956 884; x_wconf 88' lang='lat' dir='ltr'>in</span> <span class='ocrx_word' id='word_1_68' title='bbox 971 848 1164 885; x_wconf 90' lang='lat' dir='ltr'>Scottiam</span> <span class='ocrx_word' id='word_1_69' title='bbox 1179 862 1381 899; x_wconf 83' lang='lat' dir='ltr'>regressus</span> 
     </span>
     <span class='ocr_line' id='line_1_12' title="bbox 196 901 1378 951; baseline -0.002 -11"><span class='ocrx_word' id='word_1_70' title='bbox 196 908 272 946; x_wconf 86' lang='lat' dir='ltr'>est,</span> <span class='ocrx_word' id='word_1_71' title='bbox 292 907 537 939; x_wconf 83' lang='lat' dir='ltr'>tractaturus</span> <span class='ocrx_word' id='word_1_72' title='bbox 557 914 647 938; x_wconf 89' lang='lat' dir='ltr'>cum</span> <span class='ocrx_word' id='word_1_73' title='bbox 667 904 761 946; x_wconf 89' lang='lat' dir='ltr'>suis,</span> <span class='ocrx_word' id='word_1_74' title='bbox 781 902 877 951; x_wconf 91' lang='lat' dir='ltr'>quid</span> <span class='ocrx_word' id='word_1_75' title='bbox 897 902 946 939; x_wconf 90' lang='lat' dir='ltr'>de</span> <span class='ocrx_word' id='word_1_76' title='bbox 966 901 1025 938; x_wconf 90' lang='lat' dir='ltr'>his</span> <span class='ocrx_word' id='word_1_77' title='bbox 1045 901 1177 939; x_wconf 85' lang='lat' dir='ltr'>facere</span> <span class='ocrx_word' id='word_1_78' title='bbox 1198 903 1378 940; x_wconf 84' lang='lat' dir='ltr'>deberet.</span> 
     </span>
     <span class='ocr_line' id='line_1_13' title="bbox 196 954 1379 1005; baseline 0 -12"><span class='ocrx_word' id='word_1_79' title='bbox 196 956 322 1000; x_wconf 85' lang='lat' dir='ltr'>Cedd,</span> <span class='ocrx_word' id='word_1_80' title='bbox 353 955 501 993; x_wconf 89' lang='lat' dir='ltr'>relictis</span> <span class='ocrx_word' id='word_1_81' title='bbox 532 954 760 992; x_wconf 86' lang='lat' dir='ltr'>Scottorum</span> <span class='ocrx_word' id='word_1_82' title='bbox 791 957 984 1005; x_wconf 76' lang='lat' dir='ltr'>vestigiis,</span> <span class='ocrx_word' id='word_1_83' title='bbox 1016 956 1066 992; x_wconf 87' lang='lat' dir='ltr'>ad</span> <span class='ocrx_word' id='word_1_84' title='bbox 1096 969 1209 992; x_wconf 88' lang='lat' dir='ltr'>suam</span> <span class='ocrx_word' id='word_1_85' title='bbox 1240 956 1379 993; x_wconf 88' lang='lat' dir='ltr'>sedem</span> 
     </span>
     <span class='ocr_line' id='line_1_14' title="bbox 194 1008 1379 1059; baseline 0 -13"><span class='ocrx_word' id='word_1_86' title='bbox 194 1010 328 1054; x_wconf 86' lang='lat' dir='ltr'>rediit,</span> <span class='ocrx_word' id='word_1_87' title='bbox 353 1015 496 1059; x_wconf 82' lang='lat' dir='ltr'>utpote</span> <span class='ocrx_word' id='word_1_88' title='bbox 523 1012 661 1058; x_wconf 81' lang='lat' dir='ltr'>agnita</span> <span class='ocrx_word' id='word_1_89' title='bbox 685 1010 963 1046; x_wconf 88' lang='lat' dir='ltr'>observatione</span> <span class='ocrx_word' id='word_1_90' title='bbox 987 1008 1171 1046; x_wconf 86' lang='lat' dir='ltr'>catholici</span> <span class='ocrx_word' id='word_1_91' title='bbox 1195 1008 1379 1059; x_wconf 87' lang='lat' dir='ltr'>paschae.</span> 
     </span>
     <span class='ocr_line' id='line_1_15' title="bbox 196 1062 1379 1112; baseline 0 -12"><span class='ocrx_word' id='word_1_92' title='bbox 196 1063 322 1100; x_wconf 84' lang='lat' dir='ltr'>Facta</span> <span class='ocrx_word' id='word_1_93' title='bbox 361 1069 423 1100; x_wconf 88' lang='lat' dir='ltr'>est</span> <span class='ocrx_word' id='word_1_94' title='bbox 462 1068 599 1100; x_wconf 87' lang='lat' dir='ltr'>autem</span> <span class='ocrx_word' id='word_1_95' title='bbox 639 1062 738 1099; x_wconf 92' lang='lat' dir='ltr'>haec</span> <span class='ocrx_word' id='word_1_96' title='bbox 777 1065 960 1112; x_wconf 87' lang='lat' dir='ltr'>quaestio</span> <span class='ocrx_word' id='word_1_97' title='bbox 999 1076 1103 1100; x_wconf 89' lang='lat' dir='ltr'>anno</span> <span class='ocrx_word' id='word_1_98' title='bbox 1142 1063 1379 1100; x_wconf 88' lang='lat' dir='ltr'>Dominicae</span> 
     </span>
     <span class='ocr_line' id='line_1_16' title="bbox 195 1119 1379 1166; baseline -0.001 -12"><span class='ocrx_word' id='word_1_99' title='bbox 195 1119 478 1154; x_wconf 83' lang='lat' dir='ltr'>incarnationis</span> <span class='ocrx_word' id='word_1_100' title='bbox 512 1119 806 1153; x_wconf 83' lang='lat' dir='ltr'>sexcentesimo</span> <span class='ocrx_word' id='word_1_101' title='bbox 838 1119 1090 1166; x_wconf 84' lang='lat' dir='ltr'>sexagesimo</span> <span class='ocrx_word' id='word_1_102' title='bbox 1123 1122 1280 1166; x_wconf 87' lang='lat' dir='ltr'>quarto,</span> <span class='ocrx_word' id='word_1_103' title='bbox 1313 1119 1379 1166; x_wconf 88' lang='lat' dir='ltr'>qui</span> 
     </span>
     <span class='ocr_line' id='line_1_17' title="bbox 195 1169 1381 1220; baseline 0 -13"><span class='ocrx_word' id='word_1_104' title='bbox 195 1171 273 1207; x_wconf 80' lang='lat' dir='ltr'>fuit</span> <span class='ocrx_word' id='word_1_105' title='bbox 307 1183 433 1207; x_wconf 88' lang='lat' dir='ltr'>annus</span> <span class='ocrx_word' id='word_1_106' title='bbox 469 1169 595 1207; x_wconf 92' lang='lat' dir='ltr'>Osuiu</span> <span class='ocrx_word' id='word_1_107' title='bbox 628 1172 733 1219; x_wconf 81' lang='lat' dir='ltr'>regis</span> <span class='ocrx_word' id='word_1_108' title='bbox 768 1172 977 1206; x_wconf 75' lang='lat' dir='ltr'>vicesimus</span> <span class='ocrx_word' id='word_1_109' title='bbox 1011 1170 1231 1213; x_wconf 88' lang='lat' dir='ltr'>secundus;</span> <span class='ocrx_word' id='word_1_110' title='bbox 1280 1173 1381 1220; x_wconf 87' lang='lat' dir='ltr'>epis-</span> 
     </span>
     <span class='ocr_line' id='line_1_18' title="bbox 195 1222 1379 1273; baseline 0 -12"><span class='ocrx_word' id='word_1_111' title='bbox 195 1229 362 1273; x_wconf 89' lang='lat' dir='ltr'>copatus</span> <span class='ocrx_word' id='word_1_112' title='bbox 392 1228 530 1260; x_wconf 85' lang='lat' dir='ltr'>autem</span> <span class='ocrx_word' id='word_1_113' title='bbox 559 1222 802 1267; x_wconf 84' lang='lat' dir='ltr'>Scottorum,</span> <span class='ocrx_word' id='word_1_114' title='bbox 832 1236 953 1272; x_wconf 90' lang='lat' dir='ltr'>quem</span> <span class='ocrx_word' id='word_1_115' title='bbox 982 1229 1194 1273; x_wconf 85' lang='lat' dir='ltr'>gesserunt</span> <span class='ocrx_word' id='word_1_116' title='bbox 1222 1226 1262 1260; x_wconf 92' lang='lat' dir='ltr'>in</span> <span class='ocrx_word' id='word_1_117' title='bbox 1291 1237 1379 1273; x_wconf 87' lang='lat' dir='ltr'>pro-</span> 
     </span>
     <span class='ocr_line' id='line_1_19' title="bbox 197 1276 1380 1327; baseline -0.001 -13"><span class='ocrx_word' id='word_1_118' title='bbox 197 1280 324 1314; x_wconf 82' lang='lat' dir='ltr'>vincia</span> <span class='ocrx_word' id='word_1_119' title='bbox 340 1276 577 1327; x_wconf 86' lang='lat' dir='ltr'>Anglorum‚</span> <span class='ocrx_word' id='word_1_120' title='bbox 595 1290 720 1313; x_wconf 84' lang='lat' dir='ltr'>annus</span> <span class='ocrx_word' id='word_1_121' title='bbox 738 1279 972 1314; x_wconf 86' lang='lat' dir='ltr'>tricesimus.</span> <span class='ocrx_word' id='word_1_122' title='bbox 1027 1276 1231 1326; x_wconf 88' lang='lat' dir='ltr'>Siquidem</span> <span class='ocrx_word' id='word_1_123' title='bbox 1248 1277 1380 1314; x_wconf 88' lang='lat' dir='ltr'>Aidan</span> 
     </span>
     <span class='ocr_line' id='line_1_20' title="bbox 197 1330 1379 1380; baseline -0.001 -12"><span class='ocrx_word' id='word_1_124' title='bbox 197 1331 337 1368; x_wconf 90' lang='lat' dir='ltr'>decem</span> <span class='ocrx_word' id='word_1_125' title='bbox 358 1336 399 1368; x_wconf 89' lang='lat' dir='ltr'>et</span> <span class='ocrx_word' id='word_1_126' title='bbox 420 1336 577 1380; x_wconf 90' lang='lat' dir='ltr'>septem</span> <span class='ocrx_word' id='word_1_127' title='bbox 598 1332 725 1374; x_wconf 83' lang='lat' dir='ltr'>annis,</span> <span class='ocrx_word' id='word_1_128' title='bbox 746 1330 871 1366; x_wconf 86' lang='lat' dir='ltr'>Finan</span> <span class='ocrx_word' id='word_1_129' title='bbox 892 1330 1047 1374; x_wconf 82' lang='lat' dir='ltr'>decem,</span> <span class='ocrx_word' id='word_1_130' title='bbox 1067 1330 1233 1367; x_wconf 88' lang='lat' dir='ltr'>Colman</span> <span class='ocrx_word' id='word_1_131' title='bbox 1252 1331 1379 1367; x_wconf 86' lang='lat' dir='ltr'>tribus</span> 
     </span>
     <span class='ocr_line' id='line_1_21' title="bbox 198 1387 677 1434; baseline -0.004 -13"><span class='ocrx_word' id='word_1_132' title='bbox 198 1387 474 1434; x_wconf 84' lang='lat' dir='ltr'>episcopatum</span> <span class='ocrx_word' id='word_1_133' title='bbox 496 1389 677 1421; x_wconf 88' lang='lat' dir='ltr'>tenuere.</span> 
     </span>
    </p>

    <p class='ocr_par' dir='ltr' id='par_1_5' title="bbox 196 1435 1379 1915">
     <span class='ocr_line' id='line_1_22' title="bbox 247 1435 1379 1486; baseline -0.002 -12"><span class='ocrx_word' id='word_1_134' title='bbox 247 1438 421 1475; x_wconf 79' lang='lat' dir='ltr'>Reverso</span> <span class='ocrx_word' id='word_1_135' title='bbox 444 1443 581 1474; x_wconf 88' lang='lat' dir='ltr'>autem</span> <span class='ocrx_word' id='word_1_136' title='bbox 603 1438 775 1486; x_wconf 89' lang='lat' dir='ltr'>patriam</span> <span class='ocrx_word' id='word_1_137' title='bbox 797 1435 1003 1481; x_wconf 80' lang='lat' dir='ltr'>Colmano‚</span> <span class='ocrx_word' id='word_1_138' title='bbox 1025 1439 1200 1486; x_wconf 88' lang='lat' dir='ltr'>suscepit</span> <span class='ocrx_word' id='word_1_139' title='bbox 1221 1450 1292 1486; x_wconf 89' lang='lat' dir='ltr'>pro</span> <span class='ocrx_word' id='word_1_140' title='bbox 1313 1435 1379 1473; x_wconf 89' lang='lat' dir='ltr'>illo</span> 
     </span>
     <span class='ocr_line' id='line_1_23' title="bbox 197 1489 1377 1540; baseline -0.002 -12"><span class='ocrx_word' id='word_1_141' title='bbox 197 1491 475 1539; x_wconf 77' lang='lat' dir='ltr'>pontificatum</span> <span class='ocrx_word' id='word_1_142' title='bbox 529 1489 953 1540; x_wconf 76' lang='lat' dir='ltr'>Nordanhymbrorum</span> <span class='ocrx_word' id='word_1_143' title='bbox 1007 1489 1178 1526; x_wconf 82' lang='lat' dir='ltr'>famulus</span> <span class='ocrx_word' id='word_1_144' title='bbox 1231 1490 1377 1527; x_wconf 90' lang='lat' dir='ltr'>Christi</span> 
     </span>
     <span class='ocr_line' id='line_1_24' title="bbox 196 1543 1378 1594; baseline -0.001 -12"><span class='ocrx_word' id='word_1_145' title='bbox 196 1545 324 1589; x_wconf 82' lang='lat' dir='ltr'>Tuda,</span> <span class='ocrx_word' id='word_1_146' title='bbox 341 1547 409 1594; x_wconf 88' lang='lat' dir='ltr'>qui</span> <span class='ocrx_word' id='word_1_147' title='bbox 427 1549 513 1581; x_wconf 89' lang='lat' dir='ltr'>erat</span> <span class='ocrx_word' id='word_1_148' title='bbox 532 1544 639 1593; x_wconf 87' lang='lat' dir='ltr'>apud</span> <span class='ocrx_word' id='word_1_149' title='bbox 656 1543 813 1580; x_wconf 88' lang='lat' dir='ltr'>Scottos</span> <span class='ocrx_word' id='word_1_150' title='bbox 832 1546 1027 1580; x_wconf 86' lang='lat' dir='ltr'>austrinos</span> <span class='ocrx_word' id='word_1_151' title='bbox 1046 1544 1239 1588; x_wconf 85' lang='lat' dir='ltr'>eruditus,</span> <span class='ocrx_word' id='word_1_152' title='bbox 1257 1549 1378 1593; x_wconf 86' lang='lat' dir='ltr'>atque</span> 
     </span>
     <span class='ocr_line' id='line_1_25' title="bbox 197 1596 1378 1647; baseline -0.002 -12"><span class='ocrx_word' id='word_1_153' title='bbox 197 1598 402 1636; x_wconf 82' lang='lat' dir='ltr'>ordinatus</span> <span class='ocrx_word' id='word_1_154' title='bbox 425 1600 648 1647; x_wconf 89' lang='lat' dir='ltr'>episcopus,</span> <span class='ocrx_word' id='word_1_155' title='bbox 670 1596 822 1634; x_wconf 87' lang='lat' dir='ltr'>habens</span> <span class='ocrx_word' id='word_1_156' title='bbox 845 1599 958 1633; x_wconf 79' lang='lat' dir='ltr'>iuxta</span> <span class='ocrx_word' id='word_1_157' title='bbox 980 1610 1131 1634; x_wconf 89' lang='lat' dir='ltr'>morem</span> <span class='ocrx_word' id='word_1_158' title='bbox 1154 1599 1378 1646; x_wconf 84' lang='lat' dir='ltr'>provinciae</span> 
     </span>
     <span class='ocr_line' id='line_1_26' title="bbox 196 1649 1376 1694; baseline -0.002 -6"><span class='ocrx_word' id='word_1_159' title='bbox 196 1651 299 1689; x_wconf 89' lang='lat' dir='ltr'>illius</span> <span class='ocrx_word' id='word_1_160' title='bbox 323 1664 509 1688; x_wconf 88' lang='lat' dir='ltr'>coronam</span> <span class='ocrx_word' id='word_1_161' title='bbox 532 1656 721 1687; x_wconf 90' lang='lat' dir='ltr'>tonsurae</span> <span class='ocrx_word' id='word_1_162' title='bbox 746 1649 1052 1694; x_wconf 86' lang='lat' dir='ltr'>ecclesiasticae,</span> <span class='ocrx_word' id='word_1_163' title='bbox 1076 1655 1119 1687; x_wconf 88' lang='lat' dir='ltr'>et</span> <span class='ocrx_word' id='word_1_164' title='bbox 1142 1649 1376 1687; x_wconf 84' lang='lat' dir='ltr'>catholicam</span> 
     </span>
     <span class='ocr_line' id='line_1_27' title="bbox 197 1702 1377 1754; baseline -0.001 -12"><span class='ocrx_word' id='word_1_165' title='bbox 197 1708 388 1754; x_wconf 79' lang='lat' dir='ltr'>temporis</span> <span class='ocrx_word' id='word_1_166' title='bbox 417 1703 612 1754; x_wconf 88' lang='lat' dir='ltr'>paschalis</span> <span class='ocrx_word' id='word_1_167' title='bbox 642 1702 822 1752; x_wconf 66' lang='lat' dir='ltr'>regulam</span> <span class='ocrx_word' id='word_1_168' title='bbox 852 1704 1087 1740; x_wconf 83' lang='lat' dir='ltr'>observans:</span> <span class='ocrx_word' id='word_1_169' title='bbox 1130 1706 1188 1739; x_wconf 74' lang='lat' dir='ltr'>vir</span> <span class='ocrx_word' id='word_1_170' title='bbox 1216 1704 1377 1753; x_wconf 88' lang='lat' dir='ltr'>quidem</span> 
     </span>
     <span class='ocr_line' id='line_1_28' title="bbox 196 1755 1377 1807; baseline -0.002 -12"><span class='ocrx_word' id='word_1_171' title='bbox 196 1760 323 1795; x_wconf 86' lang='lat' dir='ltr'>bonus</span> <span class='ocrx_word' id='word_1_172' title='bbox 342 1771 386 1794; x_wconf 89' lang='lat' dir='ltr'>ac</span> <span class='ocrx_word' id='word_1_173' title='bbox 402 1757 623 1807; x_wconf 83' lang='lat' dir='ltr'>religiosus,</span> <span class='ocrx_word' id='word_1_174' title='bbox 639 1757 710 1794; x_wconf 87' lang='lat' dir='ltr'>sed</span> <span class='ocrx_word' id='word_1_175' title='bbox 727 1757 954 1806; x_wconf 86' lang='lat' dir='ltr'>permodico</span> <span class='ocrx_word' id='word_1_176' title='bbox 971 1762 1153 1805; x_wconf 85' lang='lat' dir='ltr'>tempore</span> <span class='ocrx_word' id='word_1_177' title='bbox 1171 1755 1377 1794; x_wconf 83' lang='lat' dir='ltr'>ecclesiam</span> 
     </span>
     <span class='ocr_line' id='line_1_29' title="bbox 197 1808 1377 1860; baseline -0.003 -11"><span class='ocrx_word' id='word_1_178' title='bbox 197 1825 353 1860; x_wconf 77' lang='lat' dir='ltr'>regens.</span> <span class='ocrx_word' id='word_1_179' title='bbox 407 1811 585 1848; x_wconf 74' lang='lat' dir='ltr'>Venerat</span> <span class='ocrx_word' id='word_1_180' title='bbox 614 1816 750 1847; x_wconf 84' lang='lat' dir='ltr'>autem</span> <span class='ocrx_word' id='word_1_181' title='bbox 779 1810 829 1846; x_wconf 87' lang='lat' dir='ltr'>dc</span> <span class='ocrx_word' id='word_1_182' title='bbox 858 1808 1024 1853; x_wconf 83' lang='lat' dir='ltr'>Scottia‚</span> <span class='ocrx_word' id='word_1_183' title='bbox 1051 1815 1220 1847; x_wconf 89' lang='lat' dir='ltr'>tenente</span> <span class='ocrx_word' id='word_1_184' title='bbox 1249 1810 1377 1847; x_wconf 87' lang='lat' dir='ltr'>adhuc</span> 
     </span>
     <span class='ocr_line' id='line_1_30' title="bbox 197 1862 1376 1915; baseline -0.002 -13"><span class='ocrx_word' id='word_1_185' title='bbox 197 1865 475 1915; x_wconf 76' lang='lat' dir='ltr'>pontificatum</span> <span class='ocrx_word' id='word_1_186' title='bbox 493 1863 698 1908; x_wconf 87' lang='lat' dir='ltr'>Colmano‚</span> <span class='ocrx_word' id='word_1_187' title='bbox 715 1869 757 1900; x_wconf 81' lang='lat' dir='ltr'>et.</span> <span class='ocrx_word' id='word_1_188' title='bbox 774 1862 989 1912; x_wconf 86' lang='lat' dir='ltr'>diligenter</span> <span class='ocrx_word' id='word_1_189' title='bbox 1005 1876 1053 1900; x_wconf 88' lang='lat' dir='ltr'>ea</span> <span class='ocrx_word' id='word_1_190' title='bbox 1070 1876 1173 1912; x_wconf 87' lang='lat' dir='ltr'>quae</span> <span class='ocrx_word' id='word_1_191' title='bbox 1191 1862 1241 1900; x_wconf 88' lang='lat' dir='ltr'>ad</span> <span class='ocrx_word' id='word_1_192' title='bbox 1258 1863 1376 1901; x_wconf 89' lang='lat' dir='ltr'>fidem</span> 
     </span>
    </p>
   </div>
   <div class='ocr_carea' id='block_1_5' title="bbox 478 1972 1116 2048">
    <p class='ocr_par' dir='ltr' id='par_1_6' title="bbox 478 1972 1116 2048">
     <span class='ocr_line' id='line_1_31' title="bbox 478 1972 1116 2006; baseline -0.003 0"><span class='ocrx_word' id='word_1_193' title='bbox 478 1975 490 1994; x_wconf 79' lang='lat'>¹</span> <span class='ocrx_word' id='word_1_194' title='bbox 515 1974 564 2006; x_wconf 89' lang='lat' dir='ltr'>To</span> <span class='ocrx_word' id='word_1_195' title='bbox 582 1975 723 2006; x_wconf 74' lang='lat' dir='ltr'>France.</span> <span class='ocrx_word' id='word_1_196' title='bbox 918 1972 931 1991; x_wconf 80' lang='lat'><strong>²</strong></span> <span class='ocrx_word' id='word_1_197' title='bbox 955 1973 1001 2003; x_wconf 80' lang='lat' dir='ltr'>At</span> <span class='ocrx_word' id='word_1_198' title='bbox 1018 1973 1116 2005; x_wconf 84' lang='lat' dir='ltr'>Iona.</span> 
     </span>
     <span class='ocr_line' id='line_1_32' title="bbox 600 2014 962 2048; baseline -0.008 0"><span class='ocrx_word' id='word_1_199' title='bbox 600 2016 614 2037; x_wconf 74' lang='lat'><strong>³</strong></span> <span class='ocrx_word' id='word_1_200' title='bbox 637 2015 747 2048; x_wconf 74' lang='lat' dir='ltr'>south</span> <span class='ocrx_word' id='word_1_201' title='bbox 764 2015 799 2046; x_wconf 80' lang='lat' dir='ltr'>of</span> <span class='ocrx_word' id='word_1_202' title='bbox 815 2014 962 2046; x_wconf 82' lang='lat' dir='ltr'>Ircland.</span> 
     </span>
    </p>
   </div>
   <div class='ocr_carea' id='block_1_6' title="bbox 196 2081 268 2127">
    <p class='ocr_par' dir='ltr' id='par_1_7' title="bbox 196 2081 268 2127">
     <span class='ocr_line' id='line_1_33' title="bbox 196 2081 268 2127; baseline 0.014 -1"><span class='ocrx_word' id='word_1_203' title='bbox 196 2081 268 2127; x_wconf 85' lang='lat'>478</span> 
     </span>
    </p>
   </div>
  </div>
 </body>
</html>
