1473 2322
490 164 601 202 THE
637 164 967 203 VENERABLE
1002 166 1149 204 BEDE

228 270 372 317 gratia,
389 269 421 303 si
439 280 518 317 qua
535 265 813 318 deliquissent,
828 269 1049 312 reticebat3
1081 269 1153 307 sed
1169 283 1310 320 aspera
1324 269 1410 307 illos

228 333 453 368 invectione
495 332 734 381 corrigebat.
789 331 951 369 Nullam
993 334 1227 383 potentibus
1264 332 1410 371 saeculi

229 398 454 446 pecuniam,
483 402 655 446 excepta
682 395 811 433 solum
839 410 930 434 esca
957 399 989 433 si
1018 411 1115 447 quos
1143 397 1316 448 hospitio
1342 401 1411 435 sis-

229 462 614 510 cepisset,umquam
629 459 725 497 dare
741 459 991 505 solebat,sed
1007 473 1055 497 ea
1069 463 1202 510 potius
1218 474 1321 512 quae
1336 463 1410 499 sibi

229 539 252 561 a
277 524 466 561 divitibus
492 524 658 561 donaria
683 526 943 574 pecuniarum
968 523 1258 575 largiebantur,
1283 525 1347 563 vel
1369 528 1410 563 in

230 602 322 626 usus
361 601 599 638 pauperum,
637 594 684 625 ut
721 588 910 634 diximus,
948 589 1222 639 dispergebat,
1259 588 1324 628 vel
1360 591 1411 628 ad

228 654 550 703 redemptionem
588 666 726 691 eorum
764 656 832 703 qui
869 655 1017 691 iniuste
1054 653 1216 691 fuerant
1244 654 1410 700 venditi,

229 717 501 768 dispensabat.
556 716 744 766 Denique
760 716 908 753 multos
925 729 1023 766 quos
1039 720 1170 766 pretio
1186 717 1282 754 data
1296 718 1409 756 rede-

228 786 372 827 merat,
398 781 631 831 redemptos
659 781 917 831 postmodum
943 794 1034 817 suos
1062 781 1274 831 discipulos
1299 781 1409 829 fecit,

227 852 352 896 atque
366 845 418 883 ad
429 844 721 883 sacerdotalem
734 857 860 895 usque
872 844 1043 895 gradum
1056 845 1276 884 erudiendo
1287 852 1409 898 atque

228 909 478 948 instituendo
496 911 694 959 provexit.

279 974 432 1013 Ferunt
448 979 585 1011 autem
601 976 695 1024 quia
709 986 800 1011 cum
815 974 866 1011 de
880 976 1083 1024 provincia
1096 974 1324 1013 Scottorum
1337 989 1407 1014 rex

228 1038 381 1078 Osuald
428 1037 673 1089 postulasset
720 1041 961 1084 antistitem,
1002 1042 1070 1089 qui
1117 1040 1192 1077 sibi
1232 1053 1409 1091 suaeque

227 1107 340 1155 genti
364 1104 531 1141 verbum
560 1102 653 1140 fidei
676 1104 938 1148 ministraret,
961 1105 1103 1141 missus
1131 1102 1255 1142 fuerit
1281 1106 1408 1155 primo

229 1170 327 1207 alius
369 1169 598 1206 austerioris
646 1169 767 1204 animi
813 1169 884 1212 vir,
927 1170 996 1218 qui
1041 1181 1133 1205 cum
1178 1167 1408 1219 aliquandiu

227 1236 341 1285 genti
386 1232 610 1283 Anglorum
655 1231 890 1282 praedicans
932 1231 1030 1268 nihil
1065 1231 1292 1282 proficeret,
1334 1247 1409 1272 nec

226 1300 400 1337 libenter
425 1310 449 1334 a
473 1296 621 1347 populo
648 1296 867 1341 audiretur,
886 1296 1052 1334 redierit
1070 1299 1258 1346 patriam,
1284 1302 1408 1348 atque

226 1367 268 1402 in
300 1367 501 1401 conventu
533 1362 735 1399 seniorum
767 1358 966 1405 retulerit,
1001 1363 1095 1411 quia
1127 1360 1184 1398 nil
1217 1361 1406 1411 prodesse

227 1426 407 1465 docendo
437 1427 551 1475 genti
580 1424 632 1462 ad
661 1437 782 1474 quam
811 1426 954 1461 missus
984 1429 1085 1469 erat,
1114 1426 1328 1474 potuisset,
1359 1439 1407 1464 eo

228 1491 335 1543 quod
343 1489 664 1529 essenthomines
672 1487 949 1533 indomabiles,
963 1493 1005 1525 et
1018 1487 1142 1525 durae
1156 1501 1201 1526 ac
1212 1489 1406 1527 barbarae

228 1558 387 1595 mentis.
440 1555 498 1592 At
525 1552 597 1599 illi,
627 1558 674 1590 ut
703 1551 933 1603 perhibent,
963 1557 1185 1590 tractatum
1214 1566 1406 1604 magnum

227 1626 269 1659 in
296 1617 460 1658 concilio
490 1618 587 1668 quid
615 1622 724 1655 esset
751 1615 968 1667 agendum,
986 1615 1137 1654 habere
1164 1623 1407 1668 coeperunt3

228 1684 503 1724 desiderantes
529 1682 692 1733 quidem
717 1683 831 1731 genti
857 1693 978 1731 quam
1003 1681 1263 1731 petebantur,
1288 1681 1406 1719 saluti

229 1763 331 1796 esse,
345 1747 417 1787 sed
432 1748 483 1786 de
498 1761 578 1784 non
592 1751 757 1797 recepto
777 1759 899 1796 quem
917 1748 1111 1783 miserant
1130 1746 1406 1796 praedicatore

228 1815 423 1854 dolentes.
477 1813 590 1850 Tunc
628 1813 685 1849 ait
711 1811 869 1856 Aedan,
907 1823 1001 1848 nam
1040 1816 1083 1849 et
1119 1812 1205 1860 ipse
1243 1810 1406 1848 concilio

227 1883 437 1923 intererat,
475 1877 527 1915 ad
564 1889 657 1915 eum
693 1876 744 1914 de
782 1888 861 1926 quo
899 1876 1096 1925 agebatur
1132 1875 1406 1913 sacerdotem:

229 1943 442 1981 “Videtur
476 1940 588 1986 mihi,
622 1941 761 1985 frater,
797 1942 891 1990 quia
926 1939 1060 1977 durior
1093 1941 1199 1976 iusto
1234 1939 1405 1977 indoctis

709 2036 722 2057 ²
744 2037 792 2067 As
806 2035 928 2069 slaves.

228 2085 300 2132 348
