1473 2322
489 145 602 183 THE
637 144 969 183 VENERABLE
1003 145 1152 184 BEDE

228 261 364 288 secum
392 250 528 286 venire
556 250 598 285 in
625 247 835 299 praelium.
889 246 965 285 Illo
992 247 1157 287 nolente
1185 261 1232 287 ae
1258 254 1414 288 contra-

228 314 404 358 dicente,
435 314 608 350 invitum
639 314 884 350 monasterio
917 318 1106 351 ementes
1138 313 1343 352 duxerunt
1373 316 1415 351 in

228 383 450 422 certamen,
465 381 675 427 sperantes
691 378 823 414 minus
840 378 992 414 animos
1008 376 1182 415 militum
1196 378 1416 428 trepidare,

227 443 359 479 minus
401 446 618 492 praesente
661 441 764 479 duce
808 441 1011 491 quondam
1054 444 1329 480 strenuissimo
1373 447 1417 480 et

229 508 375 545 eximio
397 519 514 556 posse
535 505 676 556 fugam
697 505 897 543 meditari.
953 504 1034 543 Sed
1054 508 1140 556 ipse
1161 506 1416 556 professionis

228 584 325 610 suae
367 584 448 608 non
490 573 716 615 immemor,
759 570 856 608 dum
899 572 1053 620 optimo
1096 576 1204 609 esset
1246 571 1417 609 vallatus

229 638 424 681 exercitu,
457 637 615 673 nonnisi
649 637 803 685 virgam
836 640 999 672 tantum
1034 634 1184 674 habere
1218 638 1260 673 in
1294 649 1417 673 manu

228 700 376 739 voluit:
425 703 658 751 occisusque
693 705 755 738 est
790 713 869 737 una
903 713 994 737 cum
1028 713 1125 750 rege
1159 700 1341 751 Eegrice,
1376 706 1419 739 et

227 771 395 804 cunctus
434 779 586 811 eorum,
623 765 901 803 insistentibus
938 767 1121 815 paganis,
1158 777 1297 804 caesus
1334 767 1416 804 sive

229 832 430 881 dispersus
456 832 669 868 exereitus.

280 894 491 933 Successor
526 900 665 932 autem
698 895 814 945 regni
848 907 987 933 eorum
1021 893 1152 932 factus
1187 899 1250 933 est
1283 894 1417 939 Anna,

229 959 331 997 filius
346 959 438 1004 Eni,
453 959 504 997 de
518 961 630 1009 regio
645 972 811 1009 genere,
825 960 883 996 vir
897 960 1088 1008 optimus,
1103 964 1226 1010 atque
1241 962 1419 1010 optimae

228 1026 389 1075 genitor
405 1023 565 1068 sobolis,
581 1024 632 1061 de
651 1024 795 1074 quibus
810 1025 852 1060 in
868 1024 1132 1073 sequentibus
1148 1037 1220 1061 suo
1236 1029 1419 1075 tempore

228 1089 445 1127 dicendum
469 1094 552 1126 est:
591 1090 658 1139 qui
682 1093 725 1126 et
746 1091 832 1138 ipse
854 1093 997 1138 postea
1019 1089 1070 1125 ab
1094 1088 1238 1126 eodem
1259 1102 1418 1139 pagano

230 1152 476 1191 Mereiorum
513 1153 630 1198 duce,
667 1165 691 1190 a
727 1166 807 1203 quo
844 1158 888 1191 et
922 1152 1283 1203 praedecessoresl
1320 1156 1419 1199 eius,

227 1220 377 1256 occisus
401 1223 476 1256 est.

699 1314 816 1352 CAP.
853 1314 952 1352 XIX

234 1411 283 1448 Ut
301 1410 334 1448 F
335 1423 463 1448 urseus
481 1409 583 1461 apud
599 1408 807 1448 Orientales
823 1408 966 1461 Anglos
982 1408 1240 1448 monasterium
1246 1408 1387 1462 fecerit
1402 1424 1419 1453 ,-

331 1480 364 1512 et
379 1473 424 1512 de
438 1473 638 1512 visionibus
653 1473 712 1511 vel
724 1473 916 1512 sanctitate
931 1473 1023 1520 eius,
1039 1473 1099 1512 cui
1113 1474 1220 1512 etiam
1238 1488 1324 1512 caro
1334 1487 1405 1526 pos

334 1544 482 1576 mortem
508 1538 720 1589 incorrupta
745 1537 986 1576 testimonium
1007 1538 1242 1590 perhibuerit.

284 1625 432 1662 VERUM
456 1625 553 1663 dum
576 1624 706 1662 adhue
728 1623 913 1675 Sigberct
934 1627 1048 1675 regni
1069 1623 1215 1663 infulas
1237 1629 1420 1670 teneret3

231 1692 465 1740 supervenit
487 1690 537 1727 de
560 1689 756 1727 Hibernia
776 1691 834 1725 ῆι·
855 1694 1031 1734 sanctus,
1051 1692 1213 1728 nomine
1235 1689 1422 1736 Furseus,

232 1755 354 1792 verbo
379 1759 422 1792 et
444 1754 599 1791 actibus
622 1752 765 1798 clarus,
787 1753 860 1792 sed
883 1756 1055 1804 egregiis
1077 1755 1242 1804 insignis
1265 1756 1422 1792 virtuti-

231 1818 321 1864 bus,
335 1821 500 1868 cupiens
514 1831 586 1868 pro
600 1817 791 1862 Domino,
804 1818 1047 1868 ubicumque
1062 1819 1136 1855 sibi
1150 1824 1418 1868 opportunum

231 1886 434 1929 nveniret,
466 1885 723 1933 peregrinam
756 1883 903 1920 ducere
934 1885 1072 1920 vitam.
1128 1882 1207 1930 Qui
1237 1896 1329 1920 cum
1362 1884 1411 1920 ad

635 2001 645 2019 ¹
670 2001 723 2033 for
738 1999 969 2042 praedecessor,
987 2000 1038 2031 Pl.

225 2075 296 2109 414
