1473 2322
466 157 577 194 THE
615 157 944 196 VENERABLE
979 159 1127 196 BEDE

203 271 299 308 pore
325 260 513 308 sequenti
538 261 885 297 reverentissimus
914 259 1233 310 archiepiscopus
1261 261 1389 299 Theo-

203 312 320 349 dorus
345 314 385 348 in
409 311 558 350 honore
582 313 693 350 beati
717 313 886 362 apostoli
911 313 1020 352 Petri
1043 315 1256 352 dedicavit.
1309 314 1390 353 Sed

203 369 411 415 episcopus
452 365 526 403 loci
567 368 690 416 ipsius
731 367 935 405 Eadberct
976 367 1112 405 ablata
1152 368 1389 414 harundine,

202 419 354 469 plumbi
386 419 542 457 laminis
575 433 664 458 eam
695 425 840 465 totam,
872 420 946 458 hoc
978 428 1054 466 est,
1086 428 1129 460 et
1159 428 1315 460 tectum
1347 428 1389 460 et

202 476 307 523 ipsos
327 487 488 523 quoque
509 476 685 523 parietes
706 477 790 512 eius
811 477 1015 524 cooperire
1034 478 1200 513 curavit.

254 527 327 564 His
364 528 614 577 temporibus
652 531 836 578 quaestio
874 529 982 566 facta
1020 535 1083 567 est
1119 530 1309 579 frequens
1347 535 1390 568 et

201 594 350 631 magna
378 581 429 619 de
459 582 739 619 observatione
769 582 956 631 paschae,
980 583 1308 621 confirmantibus
1333 585 1389 621 eis

203 637 269 685 qui
290 635 341 672 de
361 635 520 680 Cantia,
540 634 602 673 vel
623 636 673 674 de
694 635 833 673 Galliis
854 637 1115 680 advenerant,
1135 638 1243 687 quod
1262 636 1389 675 Scotti

202 688 458 726 Dominicum
476 688 648 738 paschae
667 690 773 727 diem
792 696 930 727 contra
949 691 1180 728 universalis
1199 690 1390 729 ecclesiae

201 756 354 780 morem
393 742 658 781 celebrarent.
714 744 813 781 Erat
852 746 891 780 in
932 743 991 782 his
1031 748 1268 782 accerrimus
1308 747 1390 783 veri

202 795 374 846 paschae
408 796 610 841 defensor,
643 800 804 835 nomine
840 797 994 842 Bonan,
1028 801 1192 836 natione
1225 798 1390 848 quidem

201 850 377 894 Scottus,
403 851 474 888 sed
498 853 538 887 in
565 850 720 888 Galliae
746 850 809 888 vel
836 851 978 889 Italiae
1003 853 1184 901 partibus
1209 852 1390 901 regulam

203 903 496 942 ecclesiasticae
535 907 717 942 veritatis
757 905 946 948 edoctus;
1000 909 1066 955 qui
1107 919 1197 943 cum
1238 906 1390 944 Finano

202 957 434 1008 confligens,
469 957 616 995 multos
652 958 816 1008 quidem
851 962 1038 1001 correxit,
1074 959 1135 998 vel
1171 959 1222 996 ad
1256 959 1390 998 soller-

202 1014 346 1049 tiorem
368 1014 549 1049 veritatis
570 1014 870 1062 inquisitionem
893 1013 1098 1050 accendit:
1133 1027 1389 1064 nequaquam

202 1072 340 1104 tamen
361 1065 557 1103 Finanum
578 1066 794 1104 emendare
813 1069 969 1116 potuit3
1003 1069 1097 1116 quin
1117 1070 1264 1115 potius,
1283 1068 1391 1117 quod

203 1126 311 1158 esset
334 1119 454 1157 homo
478 1119 620 1157 ferocis
645 1122 780 1163 animi,
805 1121 1048 1158 acerbiorem
1074 1121 1322 1167 castigando,
1347 1127 1389 1159 et

203 1180 388 1224 apertum
406 1176 588 1212 veritatis
606 1174 875 1212 adversarium
894 1174 1081 1212 reddidit.
1137 1174 1389 1213 observabat

203 1233 340 1265 autem
361 1228 490 1266 Jacob
512 1227 701 1265 diaconus
723 1228 941 1278 quondam,
963 1234 1009 1265 ut
1030 1241 1148 1277 supra
1169 1228 1389 1274 docuimus,

202 1281 439 1320 venerabilis
472 1281 757 1331 archiepiscopi
797 1281 965 1326 Paulini,
997 1295 1135 1320 verum
1175 1288 1217 1320 et
1253 1282 1389 1320 catho-

200 1335 321 1373 licum
354 1334 516 1385 pascha,
550 1348 641 1372 cum
675 1336 860 1373 omnibus
894 1349 993 1385 quos
1027 1336 1077 1374 ad
1110 1338 1389 1374 correctiorem

203 1393 306 1427 viam
326 1389 483 1427 erudire
502 1395 675 1439 poterat.
731 1389 985 1427 Observabat
1005 1395 1045 1427 et
1064 1392 1200 1438 regina
1221 1389 1390 1428 Eanfled

201 1457 293 1481 cum
316 1446 410 1488 suis,
433 1446 547 1480 iuxta
571 1443 678 1493 quod
702 1445 740 1480 in
765 1443 909 1480 Cantia
933 1444 1015 1481 fieri
1042 1444 1211 1488 viderat,
1233 1443 1386 1482 habens

202 1511 338 1536 secum
372 1497 423 1535 de
458 1497 602 1534 Cantia
635 1497 918 1547 presbyterum
952 1496 1172 1535 catholicae
1206 1498 1390 1536 observa-

201 1554 336 1596 tionis,
365 1553 525 1589 nomine
555 1551 803 1588 Romanum:
847 1551 954 1589 unde
983 1565 1270 1601 nonnunquam
1298 1564 1389 1589 con-

201 1608 340 1656 tigisse
372 1604 502 1643 fertur
531 1604 607 1642 illis
638 1605 902 1655 temporibus,
934 1610 980 1642 ut
1011 1605 1070 1642 bis
1102 1607 1140 1642 in
1175 1618 1278 1642 anno
1309 1618 1388 1643 uno

202 1659 349 1710 pascha
373 1658 660 1703 celebraretur,
685 1664 727 1697 et
751 1672 840 1696 cum
866 1672 936 1696 rex
961 1657 1106 1707 pascha
1132 1658 1388 1696 Dominicum

202 1713 341 1751 solutis
356 1715 512 1751 ieiuniis
527 1712 695 1756 faceret,
709 1718 806 1750 tunc
820 1715 958 1762 regina
972 1725 1061 1749 curn
1078 1714 1157 1748 suis
1172 1715 1388 1761 persistens

203 1767 333 1805 adhuc
359 1770 398 1804 in
426 1769 574 1804 ieiunio
602 1767 707 1804 diem
736 1766 957 1815 palmarum
986 1765 1222 1804 celebraret.
1276 1766 1388 1804 Haec

203 1827 342 1860 autem
383 1821 630 1859 dissonantia
670 1819 866 1871 paschalis
907 1821 1187 1859 observantiae
1228 1821 1388 1858 vivente

384 2013 396 2033 ¹
420 2012 543 2045 Which
560 2012 596 2044 of
611 2012 670 2044 the
686 2015 756 2044 two
771 2022 842 2044 was
857 2012 963 2053 hasty
977 2012 1007 2044 is
1022 2014 1086 2044 not
1101 2011 1200 2043 clear.

202 2098 274 2145 458
