1473 2322
165 178 219 198 CAP

141 192 242 245 2115.

161 400 242 431 XX.

143 544 242 575 XXI.

124 773 243 804 XXII.

104 917 243 948 XXIII.

112 1146 243 1178 XXIV.

132 1247 243 1279 XXV.

113 1433 244 1465 XXVI.

87 1577 238 1610 XXVII.

70 1771 100 1802 X
107 1770 240 1802 XVIII.

110 1922 234 1954 XXIX

369 109 659 148 ELENCHUS
700 108 951 147 CAPITUM

268 213 317 244 Ut
330 213 421 244 idem
435 223 539 244 eausa
552 211 764 243 infirmitatis
777 211 905 242 ibidem
919 211 1093 246 detentus,
1107 213 1143 241 et

312 256 469 287 incendia
498 256 679 286 domorum
711 254 841 285 orando
872 254 1081 289 restinxerit,
1107 256 1143 284 et

311 299 384 339 ipse
425 308 484 339 per
524 298 691 328 visionem
731 307 752 327 a
792 306 854 327 suo
894 297 940 327 sit
980 296 1142 337 languore

311 344 450 372 curatus
467 341 560 380 [429]
581 364 588 371 .

267 399 316 431 Ut
334 400 438 431 iidem
457 399 606 440 episcopi
627 398 852 430 Brettonibus
870 398 906 429 in
925 408 1040 439 pugna
1059 408 1142 428 aux-

310 442 407 473 ilium
452 442 598 472 eaeleste
641 441 796 477 tulerint,
841 441 957 481 sicque
1002 441 1142 471 domum

311 485 437 515 reversi
452 485 522 515 sint
538 485 630 523 [430]
690 508 697 515 .

267 543 317 575 Ut
342 543 600 574 renascentibus
626 542 784 582 virgultis
808 542 1012 582 Pelagianae
1038 543 1144 583 pestis

312 586 503 617 Germanus
517 596 596 616 eum
611 585 736 616 Severo
753 585 962 616 Brittaniam
976 595 1142 619 reversus,

313 630 406 670 prius
438 629 561 659 claudo
592 629 708 659 iuveni
740 628 920 663 incessum,
953 628 1075 658 deinde
1108 631 1143 658 et

312 671 440 712 populo
473 671 548 707 Dei,
579 670 818 701 condemnatis
848 671 920 701 sive
951 670 1144 701 emendatis

312 714 502 747 haereticis,
520 723 672 754 gressum
689 713 899 754 recuperarit
915 712 995 743 fidei
1013 713 1105 752 [449]
1130 738 1136 744 .

267 771 317 803 Ut
332 773 514 803 Brettones
528 771 784 812 quiescentibus
797 772 842 803 ad
855 774 992 812 tempus
1006 773 1144 805 exteris,

312 815 470 845 civilibus
496 825 567 845 sese
594 814 692 845 bellis
717 815 955 849 contriverint,
981 814 1081 844 simul
1108 818 1144 844 et

1178 173 1253 193 PAGE

1211 339 1253 369 86

1211 484 1252 514 88

1211 714 1252 743 94

312 858 498 888 maioribus
511 857 650 897 flagitiis
672 857 919 887 submerserint
939 858 969 896 [ζ’
986 857 1153 896 430-449]
1212 858 1253 888 98

268 916 317 948 Ut
337 920 477 947 sanctus
498 926 589 957 papa
610 915 791 956 Gregorius
811 916 1043 956 Augustinum
1064 926 1141 946 eum

312 959 488 990 monachis
502 960 547 989 ad
562 959 831 999 praedicandum
846 959 940 999 genti
955 959 1142 999 Anglorum

311 1003 466 1037 mittens,
487 1001 633 1042 epistola
654 1011 791 1041 quoque
811 1001 886 1032 illos
907 1002 1144 1032 exhortatoria

312 1055 354 1075 ne
391 1055 412 1075 a
447 1044 637 1075 laborando
674 1047 858 1081 cessarent,
895 1044 1144 1075 confortaverit

312 1088 405 1126 [596]

267 1145 317 1177 Ut
339 1145 531 1176 Arelatensi
553 1146 713 1186 episeopo
736 1145 917 1186 epistolam
941 1156 1002 1187 pro
1025 1157 1142 1177 eorum

311 1189 527 1229 susceptione
543 1189 674 1219 miserit
689 1189 782 1228 [596]
801 1213 808 1220 .

266 1246 317 1278 Ut
340 1248 480 1278 veniens
503 1247 713 1278 Brittaniam
730 1246 955 1287 Augustinus
975 1248 1084 1288 primo
1108 1249 1142 1279 in

311 1290 423 1320 insula
451 1289 587 1320 Tanato
617 1290 685 1330 regi
715 1289 980 1321 Cantuariorum
1013 1291 1142 1331 praedi-

310 1333 414 1367 carit;
435 1335 469 1363 et
486 1333 533 1363 sie
552 1336 695 1373 accepta
709 1332 751 1363 ab
766 1343 806 1363 eo
824 1333 974 1367 licentia,
992 1333 1143 1364 cantiam

312 1375 572 1416 praedicaturus
590 1376 772 1405 intraverit
791 1376 884 1415 [597]
910 1400 917 1407 .

267 1432 318 1465 Ut
347 1433 439 1464 idem
469 1434 504 1464 in
535 1433 659 1465 Cantia
689 1434 886 1475 primitivae
915 1435 1076 1466 eeclesiae
1107 1440 1142 1466 et

312 1476 506 1507 doctrinam
528 1477 573 1507 sit
595 1477 753 1507 imitatus
775 1480 810 1507 et
834 1478 955 1513 vitam,
979 1482 1084 1518 atque
1109 1480 1140 1509 in

313 1519 396 1550 urbe
408 1520 495 1559 regis
508 1519 622 1549 sedem
635 1520 855 1560 episcopatus
870 1522 1040 1561 acceperit
1053 1522 1145 1560 [597]

262 1576 312 1608 Ut
322 1577 413 1608 idem
423 1579 601 1618 episcopus
612 1577 736 1616 faetus,
748 1578 909 1619 Gregorio
921 1589 1042 1620 papae,
1054 1590 1141 1620 quae

313 1621 382 1651 sint
402 1621 593 1652 Brittaniae
610 1624 707 1661 gesta
725 1621 910 1655 mandarit,
927 1625 963 1652 et
981 1623 1082 1653 simul
1100 1623 1142 1654 de

313 1663 509 1694 necessariis
535 1664 608 1694 eius
636 1673 798 1704 responsa
826 1667 946 1705 petens
973 1667 1143 1706 acceperit.

313 1706 406 1745 [597]

267 1770 318 1803 Ut
340 1781 431 1812 papa
449 1770 630 1812 Gregorius
649 1773 830 1813 epistolam
847 1773 1038 1805 Arelatensi
1056 1776 1142 1815 epis-

314 1824 412 1854 copo,
425 1824 484 1854 pro
496 1814 693 1846 adiuvando
704 1816 738 1846 in
750 1826 851 1856 opere
862 1816 925 1847 Dei
936 1816 1141 1858 Augustino.

314 1857 445 1888 miserit
460 1858 552 1896 [601]
582 1881 589 1888 .

269 1922 320 1954 Ut
340 1922 430 1954 idem
451 1923 644 1963 Augustino
665 1923 817 1964 pallium,
838 1928 873 1955 et
893 1926 1085 1966 epistolam,
1107 1931 1144 1959 et

315 1966 427 2006 plures
447 1966 541 1997 verbi
560 1967 734 1997 ministros
752 1968 882 1999 miserit
899 1969 993 2008 [601]
1018 1993 1025 2000 .

1131 1113 1137 1119 .
1192 1089 1252 1119 100

1127 1215 1133 1221 .
1193 1191 1252 1221 104

1130 1402 1136 1408 .
1192 1379 1252 1408 10ss

1199 1524 1251 1553 112
