1473 2322
414 105 525 143 THE
561 104 891 143 VENERABLE
926 104 1074 144 BEDE

153 212 320 248 scientia
346 209 538 259 repletus,
565 210 677 246 bonis
706 214 868 247 auctore
895 209 986 247 Deo
1011 210 1197 259 operibus
1223 223 1337 260 prae-

153 269 274 313 ditus,
291 282 476 319 quaeque
493 281 560 305 vos
577 273 795 311 ammonet,
811 267 963 310 audite,
979 268 1124 306 devote
1139 271 1336 320 peragite,

154 328 331 365 studiose
358 329 398 363 in
423 329 616 364 memoria
641 332 866 364 reservate:
907 329 1001 376 quia
1026 329 1058 364 si
1085 340 1151 364 vos
1178 340 1270 365 eum
1296 329 1336 364 in

155 400 202 425 eo
229 385 336 436 quod
361 399 432 435 pro
458 388 736 435 omnipotente
763 385 936 422 Domino
963 385 1152 436 loquitur,
1177 386 1337 431 auditis,

155 445 280 483 isdem
310 446 562 494 omnipotens
592 445 703 482 Deus
731 443 837 482 hunc
864 458 936 495 pro
964 445 1074 482 vobis
1103 451 1339 483 exorantem

155 503 321 542 celerius
354 503 531 541 exaudit.
592 502 631 540 Si
663 506 784 548 enim,
815 504 923 554 quod
954 504 1073 549 absit,
1103 504 1226 542 verba
1255 505 1339 542 eius

156 564 410 613 postponitis,
443 562 603 612 quando
636 576 729 600 eum
761 565 1014 612 omnipotens
1047 562 1158 600 Deus
1189 565 1341 612 poterit

157 621 294 659 audire
329 634 401 670 pro
438 621 560 665 vobis,
597 633 718 670 quem
754 634 821 658 vos
857 621 1060 672 negligitis
1096 621 1233 659 audire
1268 634 1340 671 pro

158 679 274 717 Deo?
327 679 431 716 Tota
466 681 588 729 igitur
623 685 761 717 mente
797 692 888 716 cum
924 693 971 717 eo
1007 692 1075 717 vos
1110 681 1151 716 in
1186 678 1341 718 fervore

158 738 251 776 fidei
285 740 486 788 stringite,
522 744 644 787 atque
681 738 864 775 adnisum
898 738 1000 775 illius
1035 740 1185 776 virtute
1221 751 1341 789 quam

158 798 266 834 vobis
301 797 498 834 Divinitas
531 798 685 841 tribuit,
719 797 921 842 adiuvate,
954 802 1000 834 ut
1036 799 1151 847 regni
1182 799 1242 835 sui
1274 810 1341 835 vos

160 859 243 907 ipse
268 855 389 893 faciat
415 869 500 893 esse
525 859 753 906 participes,
777 858 888 893 cuius
918 869 985 893 vos
1011 855 1132 894 fidem
1155 858 1197 893 in
1219 869 1341 907 regno

160 921 291 953 vestro
314 917 435 964 recipi
460 913 588 952 facitis
605 915 622 939 1
646 921 689 953 et
712 915 912 952 custodiri.

211 973 232 986 “
253 973 468 1012 Praeterea
497 976 596 1012 scire
626 980 800 1012 vestram
829 973 996 1024 gloriam
1022 973 1217 1018 volumus,
1237 976 1344 1024 quja,

161 1037 263 1071 sicut
291 1035 332 1070 in
362 1032 563 1082 Scriptura
592 1046 702 1071 sacra
731 1047 781 1071 ex
811 1034 939 1071 verbis
975 1033 1138 1070 Domini
1166 1034 1344 1083 omnipo·

160 1095 283 1130 tentis
313 1094 575 1142 agnoscimus,
605 1094 826 1142 praesentis
860 1092 999 1129 mundi
1032 1095 1113 1129 iam
1151 1094 1345 1130 terminus

161 1154 274 1188 iuxta
301 1157 376 1195 est,
400 1157 441 1188 et
463 1157 689 1188 sanctorum
713 1165 882 1201 regnum
904 1157 1118 1188 venturum
1141 1156 1217 1195 est,
1239 1150 1346 1201 quod

162 1210 269 1247 nullo
313 1223 490 1259 unquam
534 1213 683 1259 poterit
726 1210 804 1249 fine
846 1212 1065 1248 terminari.
1120 1210 1346 1260 Adpropin-

163 1274 314 1320 quante
330 1274 467 1306 autem
483 1269 625 1307 eodem
639 1270 778 1306 mundi
793 1271 979 1312 termino,
993 1268 1122 1306 multa
1134 1270 1347 1307 imminent

163 1336 266 1373 quae
305 1328 427 1360 antea
464 1336 543 1359 non
580 1322 766 1360 fuerunt:
818 1322 1006 1361 videlieet
1042 1324 1346 1360 immutationes

163 1384 278 1425 aeris,
306 1387 559 1431 terroresque
588 1382 638 1419 de
666 1381 790 1425 caelo,
819 1387 861 1419 et
888 1387 1027 1418 contra
1053 1381 1343 1419 ordinationem

165 1446 391 1489 temporum
428 1446 707 1490 tempestates,
743 1440 862 1484 bella,
899 1439 1040 1484 fames,
1075 1439 1347 1490 pestilentiae,

165 1505 296 1537 terrae
334 1504 467 1536 motus
507 1512 578 1548 per
615 1498 723 1543 loca3
777 1512 880 1549 quae
919 1504 1058 1536 tamen
1096 1511 1178 1535 non
1215 1500 1348 1535 omnia

166 1560 308 1595 nostris
340 1558 480 1595 diebus
512 1563 681 1595 ventura
713 1563 820 1602 sunt,
851 1557 924 1595 sed
954 1563 1045 1608 post
1076 1562 1231 1594 nostros
1263 1557 1347 1595 dies

165 1619 299 1654 omnia
337 1617 644 1666 subsequentur.
699 1616 778 1654 Vos
816 1618 970 1666 itaque,
1009 1618 1040 1654 si
1080 1629 1160 1667 qua
1198 1629 1249 1654 ex
1287 1615 1348 1653 his

166 1677 326 1714 evenire
370 1677 411 1712 in
455 1681 562 1713 terra
606 1681 739 1713 vestra
782 1677 1033 1726 cognoscitis,
1076 1674 1185 1712 nullo
1228 1674 1347 1712 modo

167 1740 344 1772 vestrum
386 1736 563 1771 animum
604 1735 871 1784 perturbetis;
927 1736 1021 1784 quia
1061 1733 1206 1771 idcirco
1247 1732 1348 1772 haee

167 1796 281 1843 signa
303 1793 353 1830 de
378 1792 455 1830 fine
479 1792 624 1830 saeculi
648 1795 977 1843 praemittuntur,
999 1798 1046 1829 ut
1068 1792 1118 1829 de
1141 1792 1348 1830 animabus

168 1854 310 1888 nostris
326 1851 543 1888 debeamus
560 1864 646 1888 esse
661 1850 817 1895 soliciti,
832 1851 882 1888 de
897 1853 1035 1887 mortis
1050 1849 1146 1887 hora
1160 1852 1348 1900 suspecti,

588 1955 596 1972 ¹
626 1954 689 1987 For
700 1954 851 1996 faciatis,
869 1954 921 1988 Pl.

173 2031 236 2067 172
