1473 2322
409 134 520 173 THE
560 133 890 173 VENERABLE
928 133 1075 172 BEDE

626 267 744 307 CAP.
782 269 846 306 III
863 268 878 292 1

156 357 206 395 Ut
250 356 402 395 eandem
449 355 629 394 secundus
674 354 923 392 Romanorum
967 353 1148 393 Claudius
1192 353 1334 397 adiens,

255 418 426 456 Orcadas
447 418 556 454 etiam
589 416 733 454 insulas
764 416 933 454 Romano
966 415 1138 454 adiecerit
1169 415 1334 467 imperio.

254 479 327 518 Sed
353 484 387 517 et
420 478 675 530 Vespasianus
700 477 746 515 ab
777 491 820 516 eo
844 477 980 516 missus
1013 477 1161 515 Vectam
1193 489 1336 528 quoque

253 541 412 579 insulam
433 540 613 578 Romanis
633 539 845 578 subdiderit.

200 629 319 666 Axxo
357 633 495 665 autem
534 627 585 664 ab
624 626 737 665 Urbe
774 627 937 664 condita
975 627 1336 677 septingentesimo

151 692 410 741 nonagesimo
435 694 577 726 octavo
602 688 791 726 Claudius
817 690 1050 738 imperator,
1075 688 1126 725 ab
1151 688 1337 738 Augusto

152 757 334 802 quartus,
367 753 533 801 cupiens
567 763 610 788 se
624 749 640 773 ²
674 750 815 788 utilem
849 749 1094 800 reipublicae
1131 753 1338 787 ostentare

151 815 387 863 principem,
406 812 557 850 bellum
579 812 744 862 ubique,
765 817 808 849 et
828 813 1036 848 victoriam
1055 810 1338 860 undecumque

152 877 363 926 quaesivit.
418 874 564 924 Itaque
578 874 881 924 expeditionem
892 875 933 909 in
945 872 1187 910 Brittaniam
1198 873 1339 916 movit,

154 949 257 987 quae
289 938 468 974 excitata
495 938 537 972 in
564 935 786 972 tumultum
814 940 981 985 propter
1008 948 1089 971 non
1117 933 1339 972 redhibitos

152 997 382 1049 'transfugas
413 998 638 1035 videbatur.
692 997 961 1034 Transvectus
991 998 1032 1033 in
1061 995 1233 1033 insulam
1263 1000 1339 1039 est,

155 1074 276 1111 quam
296 1073 429 1110 neque
446 1065 541 1097 ante
566 1058 713 1096 Iulium
735 1058 963 1103 Caesarem,
979 1071 1112 1108 neque
1133 1062 1226 1108 post
1247 1070 1340 1095 eum

154 1124 367 1173 quisquam
388 1122 498 1159 adire
519 1134 638 1158 ausus
659 1119 808 1164 suerat,
827 1121 965 1170 ibique
985 1122 1070 1157 sine
1091 1119 1171 1156 ullo
1190 1118 1340 1170 praelio

154 1198 200 1222 ac
223 1186 420 1235 sanguine
445 1186 551 1220 intra
570 1185 830 1232 paucissimos
851 1182 935 1219 dies
954 1181 1169 1231 plurimam
1188 1180 1340 1218 insulae

153 1251 312 1296 partem
326 1248 366 1282 in
380 1245 629 1283 deditionem
642 1246 808 1294 recepit.
863 1243 1042 1281 Orcadas
1056 1245 1180 1281 etiam
1193 1241 1341 1279 insulas

154 1308 261 1345 ultra
287 1307 530 1344 Brittaniam
557 1308 599 1343 in
626 1319 777 1344 oceano
805 1307 957 1355 positas
984 1305 1165 1342 Romano
1194 1304 1342 1342 adiecit

155 1372 337 1420 imperio,
354 1382 400 1406 ac
416 1373 533 1406 sexto
551 1380 672 1418 quam
688 1366 894 1418 profectus
912 1372 1001 1405 erat
1016 1379 1156 1404 mense
1172 1366 1341 1403 Romam

155 1432 288 1475 rediit,
312 1430 474 1480 filioque
496 1442 568 1467 suo
591 1429 802 1466 Brittanici
825 1442 974 1467 nomen
996 1429 1200 1478 imposuit.
1254 1426 1342 1465 Hoc

155 1499 294 1531 autem
312 1492 463 1531 bellum
483 1496 628 1542 quarto
645 1493 803 1541 imperii
822 1492 882 1527 sui
901 1504 1006 1527 anno
1026 1489 1255 1540 complevit,
1273 1490 1341 1539 qui

156 1561 220 1593 est
253 1567 381 1592 annus
415 1554 467 1592 ab
500 1555 777 1591 incarnatione
813 1553 977 1589 Domini
1011 1552 1342 1602 quadragesimus

156 1622 317 1655 sextus:
349 1629 428 1666 quo
445 1617 569 1653 etiam
586 1628 691 1652 anno
707 1613 834 1652 fames
850 1615 1086 1665 gravissima
1099 1626 1172 1663 per
1187 1611 1343 1663 Syriam

157 1678 265 1717 facta
278 1684 354 1723 est,
363 1690 467 1729 quae
480 1680 522 1714 in
535 1677 705 1714 Actibus
718 1675 1006 1727 Apostolorum
1017 1688 1091 1726 per
1101 1674 1341 1726 prophetam

158 1741 346 1792 Agabum
366 1739 575 1790 praedicta
595 1751 682 1776 esse
701 1743 963 1776 memoratur.

206 1827 217 1845 ¹
241 1826 322 1857 This
344 1825 486 1866 chapter
507 1825 535 1856 is
557 1823 675 1865 pieoed
697 1822 853 1864 together
876 1822 963 1855 from
988 1821 1126 1855 Orosius
1147 1821 1208 1854 vii.
1230 1821 1251 1853 6
1272 1819 1341 1853 and

161 1869 347 1910 Eutropius
363 1868 423 1899 vii.
442 1868 493 1899 19.

204 1912 217 1931 ²
239 1911 377 1952 cupiens
393 1922 437 1947 se,
453 1910 489 1942 in
506 1908 656 1942 Orosius.

726 1975 897 1982 ..ρ’-*-
906 1973 1335 1982 Μ--

392 2014 403 2034 ¹
429 2013 500 2045 The
515 2013 606 2055 right
623 2016 702 2044 'iate
716 2014 745 2044 is
762 2012 824 2045 796
841 2019 962 2050 Δ.ῠ.ο.,
977 2019 1047 2044 Λα).
1064 2011 1115 2042 43.

163 2070 208 2106 26
