1473 2322
390 135 502 175 THE
538 135 867 175 VENERABLE
901 135 1049 176 BEDE

624 257 741 295 CAP,
771 257 805 293 V

138 343 188 381 Ut
206 342 393 394 defunctis
414 342 642 380 Aedilbercto
663 348 696 380 et
717 342 889 381 Sabercto
909 345 1069 395 regibus,
1091 357 1318 383 successores

231 410 354 434 eorum
375 396 587 434 idolatriam
610 396 876 441 resuscitarint,
899 397 943 434 ob
967 397 1066 449 quod
1087 403 1121 435 et
1145 398 1317 437 Mellitus

233 463 277 487 ac
294 449 424 487 Iustus
445 463 469 487 a
487 449 678 487 Brittania
698 450 942 488 discesserint.

182 537 300 573 Axxo
347 537 397 573 ab
442 538 719 574 incarnatione
763 535 979 574 Dominica
1022 539 1318 576 sexcentesimo

131 590 287 627 decimo
317 594 448 634 sexto,
479 592 547 640 qui
578 594 641 628 est
671 603 798 628 annus
828 592 1038 628 vicesimus
1069 594 1236 640 primus,
1266 604 1317 630 ex

131 657 209 693 quo
238 644 490 693 Augustinus
518 656 610 680 cum
638 645 752 682 sociis
782 643 833 681 ad
860 644 1176 694 praedicandum
1203 646 1317 696 genti

132 696 354 747 Anglorum
375 699 518 735 missus
542 701 618 741 est,
640 696 877 735 Aedilberct
899 711 971 735 rex
993 696 1318 743 Cantuariorum,

130 755 222 799 post
248 763 418 800 regnum
445 749 685 800 temporale,
714 750 822 800 quod
849 752 1147 801 quinquaginta
1175 755 1219 789 et
1245 764 1317 790 sex

130 805 243 841 annis
269 803 551 854 gloriosissime
577 807 783 848 tenuerat,
804 808 972 841 aeterna
991 803 1176 842 caelestis
1203 807 1317 856 regni

129 857 278 907 gaudia
299 857 446 894 subiit:
484 858 552 907 qui
575 859 721 895 tertius
745 857 910 907 quidem
933 859 973 894 in
996 858 1159 908 regibus
1182 860 1317 909 gentis

130 909 366 960 Angelorum,
386 912 540 948 cunctis
560 909 800 948 australibus
822 923 960 948 eorum
979 912 1190 960 provinciis
1211 924 1316 961 quae

132 963 337 1001 Humbrae
353 962 471 1001 fluvio
487 967 530 1001 et
543 965 742 1013 contiguis
759 965 795 1001 ei
809 965 992 1002 terminis
1007 968 1316 1014 sequestrantur

129 1031 151 1053 a
180 1016 421 1061 borealibus,
448 1018 684 1067 imperavit3
726 1017 798 1055 sed
825 1019 976 1067 primus
1004 1020 1183 1055 omnium
1211 1017 1315 1057 caeli

128 1083 254 1121 regna
268 1071 513 1108 conscendit.
568 1070 672 1107 Nam
689 1073 839 1120 primus
856 1073 1069 1120 imperium
1086 1070 1316 1110 huiusmodi

129 1123 232 1162 Aelli
251 1137 322 1162 rex
340 1123 590 1162 Australium
606 1123 832 1168 Saxonum3
864 1125 1062 1162 secundus
1083 1124 1222 1163 Caelin
1240 1139 1313 1163 rex

128 1177 451 1216 Occidentalium
464 1177 683 1222 Saxonum,
697 1180 765 1228 qui
777 1177 916 1228 lingua
928 1180 1104 1228 ipsorum
1120 1179 1136 1202 ¹
1149 1178 1316 1217 Ceaulin

129 1232 369 1275 vocabatur3
411 1233 571 1274 tertius,
601 1235 646 1268 ut
675 1231 771 1275 dixi,
801 1231 1038 1269 Aedilberct
1065 1245 1136 1270 rex
1165 1232 1316 1270 Cantu-

128 1287 323 1328 ariorum3
364 1288 531 1334 quartus
558 1284 744 1322 Reduald
769 1298 840 1322 rex
867 1284 1139 1323 Orientalium
1164 1285 1316 1336 Anglo-

128 1352 229 1383 rum,
269 1339 338 1388 qui
377 1340 503 1376 etiam
541 1340 703 1376 vivente
743 1338 1004 1376 Aedilbercto
1044 1338 1177 1377 eidem
1217 1352 1314 1378 suae

127 1393 240 1442 genti
258 1391 451 1429 ducatum
469 1392 708 1441 praebebat,
725 1392 924 1436 obtinuit3
956 1393 1120 1442 quintus
1138 1392 1315 1430 Aeduini

128 1458 197 1483 rex
226 1444 652 1495 Nordanhymbrorum
677 1447 825 1495 gentis,
845 1446 887 1483 id
916 1449 992 1490 est,
1017 1446 1101 1483 eius
1130 1459 1235 1496 quae
1264 1446 1315 1484 ad

127 1497 332 1536 borealem
398 1498 607 1536 Humbrae
659 1498 832 1537 fluminis
884 1498 1047 1549 plagam
1097 1498 1314 1544 inhabitat,

127 1555 277 1590 maiore
315 1554 502 1602 potentia
539 1554 693 1590 cunctis
733 1554 801 1602 qui
839 1550 1081 1589 Brittaniam
1119 1551 1314 1598 incolunt,

127 1604 351 1656 Anglorum
386 1607 538 1655 pariter
574 1610 617 1643 et
651 1605 893 1643 Brettonum
928 1604 1085 1656 populis
1121 1606 1313 1655 praefuit,

127 1663 289 1709 praeter
326 1658 552 1695 Cantuariis
590 1663 773 1695 tantum:
827 1672 982 1696 necnon
1019 1664 1060 1696 et
1101 1659 1311 1697 Mevanias

578 1737 592 1758 ¹
614 1737 668 1769 for
683 1747 804 1775 eorum,
821 1738 873 1769 Pl.

170 1814 183 1834 ¹
206 1814 303 1855 They
327 1813 472 1845 reached
498 1813 632 1845 Britain
656 1813 692 1844 in
716 1814 790 1845 597.
838 1813 909 1844 The
936 1813 1016 1845 date
1042 1813 1077 1845 of
1102 1813 1311 1846 Ethelbert's

125 1858 294 1889 accession
308 1857 335 1888 is
349 1856 538 1887 uncertain.

169 1900 182 1918 ²
206 1900 259 1931 He
274 1909 343 1930 was
358 1898 552 1935 Bretwalda,
568 1898 628 1930 the
642 1898 719 1930 title
742 1899 843 1940 given
864 1901 901 1930 to
917 1898 1069 1939 Egbert·
1061 1909 1096 1930 ιη
1110 1899 1170 1930 the
1185 1899 1309 1941 Anglo·

125 1942 239 1973 Saxon
256 1942 432 1974 Chroniele
449 1941 557 1973 under
573 1941 632 1973 the
651 1941 732 1972 date
750 1942 824 1978 827,
843 1942 1001 1982 meaning
1019 1942 1187 1983 probably
1203 1951 1224 1973 a
1241 1952 1311 1974 war

125 1985 325 2026 leadership,
347 1985 536 2025 imperium,
558 1994 639 2015 over
658 1984 717 2016 the
738 1966 880 2025 English
899 1984 1062 2026 invading
1081 1984 1188 2016 tribes
1207 1985 1309 2017 south

125 2028 160 2059 of
174 2027 234 2059 the
250 2027 415 2058 Humber
434 2027 502 2058 and
517 2030 579 2058 not
595 2038 612 2058 a
630 2027 813 2059 territorial
829 2027 1054 2064 domination,
1070 2037 1214 2068 reqnum.

128 2085 197 2116 224
