1473 2322
202 136 515 176 CUTHBERTI
553 136 821 176 EPISTOLA
858 137 938 175 AD
975 136 1278 176 CUTHINUM

149 238 246 277 Post
277 239 480 277 modicum
513 240 617 277 dixit
648 252 772 289 puer:
819 238 827 252 ¹
848 239 975 277 Modo
1007 239 1210 289 descripta
1240 239 1332 278 est.’

148 293 206 330 At
241 292 324 337 ille,
362 292 528 338 ‘Bene‚’
566 295 713 342 inquit,
750 292 992 330 ‘veritatem
1031 293 1191 337 dixisti3
1239 306 1333 331 eon-

148 351 395 383 summatum
414 351 489 383 est.
542 346 693 395 Accipe
711 359 847 384 meum
867 351 989 396 eaput
1007 348 1047 383 in
1066 359 1209 383 manus
1225 352 1332 392 tuas,

148 401 242 449 quia
274 399 448 436 multum
479 412 545 437 me
578 399 758 437 delectat
789 399 931 437 sedere
964 413 1015 438 ex
1047 400 1215 438 adverso
1246 399 1333 437 loeo

148 458 287 489 sancto
309 466 415 497 meo,
437 454 477 489 in
501 466 580 502 quo
603 466 716 490 orare
738 451 933 497 solebam,
955 458 1002 490 ut
1024 458 1067 490 et
1089 466 1165 503 ego
1187 453 1333 491 sedens

148 505 312 543 Patrem
327 519 463 543 meum
477 508 624 555 possim
640 505 854 543 invocare.'
906 506 961 543 Et
975 508 1085 543 sicin
1102 509 1332 556 pavimento

148 571 243 596 suae
277 558 452 604 casulae,
484 559 705 597 decantans
739 558 905 597 ‘Gloria
938 558 1046 596 Patri
1082 564 1124 597 et
1157 559 1257 597 Filio
1289 564 1333 598 et

147 611 312 661 Spiritui
333 611 509 656 Sancto,’
530 625 621 650 cum
643 612 837 662 Spiritum
858 611 1051 650 Sanctum
1071 615 1333 658 nominasset,

147 667 331 714 spiritum
356 679 378 703 e
400 678 566 714 corpore
590 665 794 703 exhalavit
816 665 1027 710 ultimum;
1064 671 1108 704 et
1129 669 1185 703 sic
1207 679 1333 716 regna

146 720 335 768 migravit
352 718 404 756 ad
421 720 627 756 caelestia.

198 771 221 784 “
239 771 393 809 Omnes
412 777 550 810 autem
570 774 640 822 qui
657 772 823 810 audiere
840 771 902 809 vel
924 772 1058 810 videre
1076 773 1188 810 beati
1206 774 1332 822 patris

147 825 301 863 obitum
341 838 548 875 nunquam
584 838 627 863 se
663 826 809 863 vidisse
849 825 972 863 ullum
1010 825 1132 863 alium
1168 827 1209 862 in
1245 831 1330 863 tam

146 891 293 929 magna
321 878 538 917 devotione
567 884 692 929 atque
720 878 1016 929 tranquillitate
1044 881 1169 916 vitam
1199 879 1331 916 finisse

147 931 360 970 dicebant:
400 934 509 982 quia,
534 934 638 969 sicut
664 934 825 976 audisti,
851 945 1061 982 quousque
1088 934 1221 969 anima
1246 934 1331 970 eius

147 987 187 1023 in
221 998 386 1031 corpore
420 985 512 1023 fuit.
547 984 555 998 ‘
576 985 713 1022 Gloria
748 984 858 1022 Patri
877 985 885 997 ’
921 991 964 1023 et
999 985 1076 1022 alia
1110 985 1332 1035 spiritualia

147 1040 347 1089 quaedam
376 1041 538 1083 cecinit,
560 1044 604 1077 et
632 1041 820 1088 expansis
845 1039 1030 1076 manibus
1058 1038 1147 1076 Deo
1174 1041 1262 1075 vivo
1289 1043 1332 1076 et

148 1105 241 1131 veru
279 1098 431 1138 gratias
471 1105 593 1142 agere
632 1105 712 1129 non
752 1093 949 1129 cessabat.
1030 1091 1138 1129 Scito
1177 1097 1330 1137 autem,

146 1147 272 1184 frater
297 1148 514 1190 carissime,
540 1145 649 1195 quod
674 1145 803 1182 multa
828 1158 990 1183 narrare
1017 1147 1164 1195 possim
1191 1145 1242 1183 de
1269 1158 1330 1189 θο,

146 1200 218 1237 sed
238 1201 480 1237 brevitatem
497 1201 692 1236 sermonis
708 1199 925 1237 ineruditio
943 1198 1105 1249 linguae
1123 1197 1264 1236 facit-'¹

151 2060 272 2095 xxxiv
