1473 2322
465 180 576 217 THE
612 181 941 220 VENERABLE
976 183 1122 221 BEDE

201 280 353 317 insulae
378 282 559 330 partibus
577 283 851 329 morabantur,
870 284 1104 322 iamdudum
1129 286 1181 323 ad
1206 286 1381 323 admoni-

203 347 353 381 tionem
384 345 626 394 apostolicae
656 347 761 384 sedis
791 350 996 393 antistitis,
1016 349 1164 398 pascha
1193 352 1383 387 canonico

202 411 281 445 ritu
300 409 511 447 observare
531 411 770 448 didicerunt,

252 472 440 511 Venienti
470 476 594 524 igitur
625 475 677 512 ad
707 488 750 512 se
783 478 983 526 episcopo,
1014 490 1085 513 rex
1116 476 1247 514 locum
1278 477 1383 515 sedis

202 537 435 587 episcopalis
455 540 495 574 in
515 537 644 575 insula
664 538 981 577 Lindisfarnensi
1007 541 1074 577 ubi
1094 542 1179 590 ipse
1199 541 1383 591 petebat,

201 602 354 639 tribuit.
409 601 488 648 Qui
518 602 706 640 videlicet
723 603 832 641 locus
862 604 1082 642 accedente
1102 618 1148 642 ac
1166 605 1383 643 recedente

201 672 383 704 reumate
403 667 461 704 bis
483 668 663 716 quotidie
676 670 802 704 instar
813 667 967 705 insulae
980 671 1099 706 maris
1112 668 1384 706 circumluitur

202 731 331 775 undis,
370 732 430 767 bis
468 731 667 769 renudato
704 731 841 769 littore
873 735 1085 782 contiguus
1119 738 1252 770 terrae
1295 734 1382 770 red*

201 796 330 838 (litur3
395 801 517 845 atque
567 798 650 832 eius
699 796 1036 833 admonitionibus
1084 795 1289 834 humiliter
1339 810 1384 833 ac

200 859 373 896 libenter
414 862 454 895 in
498 860 681 896 omnibus
712 859 955 905 auscultans,
985 859 1194 898 ecclesiam
1238 860 1383 898 Christi

201 936 325 973 regno
356 936 427 959 suo
453 923 625 960 multum
657 923 874 973 diligenter
900 924 1113 962 aedificare
1144 937 1189 961 ac
1215 923 1383 962 dilatare

200 990 365 1024 curavit.
420 987 501 1024 Ubi
521 987 787 1037 pulcherrimo
808 1001 930 1037 saepe
951 987 1181 1038 spectaculo
1201 991 1384 1038 contigit,

202 1058 246 1089 ut
282 1050 586 1101 evangelizante
624 1055 806 1089 antistite
843 1055 911 1102 qui
947 1052 1171 1102 Anglorum
1205 1051 1384 1103 linguam

201 1116 381 1166 perfecte
423 1130 502 1153 non
544 1122 726 1161 noverat,
767 1119 852 1166 ipse
894 1130 965 1154 rex
1007 1119 1086 1154 suis
1129 1117 1296 1154 ducibus
1339 1130 1384 1154 ac

200 1183 389 1217 ministris
427 1183 627 1230 interpres
665 1181 775 1218 verbi
814 1183 1010 1218 existeret
1042 1180 1249 1218 caelestis:
1292 1184 1384 1231 quia

201 1248 385 1283 nimirum
409 1251 494 1281 tam
516 1245 637 1295 longo
658 1245 766 1282 exilii
790 1247 851 1282 sui
869 1250 1052 1295 tempore
1072 1244 1254 1295 linguam
1274 1244 1384 1282 Scot-

201 1316 333 1347 torum
352 1312 431 1345 iam
451 1309 570 1359 plene
591 1309 797 1347 didicerat.
852 1309 958 1346 Exin
970 1322 1140 1359 coepere
1160 1309 1294 1359 plures
1313 1322 1386 1360 per

201 1375 285 1411 dies
311 1374 361 1411 de
387 1373 616 1410 Scottorum
641 1375 805 1423 regione
831 1375 966 1411 venire
992 1372 1234 1410 Brittaniam
1260 1379 1384 1424 atque

201 1438 275 1475 illis
292 1437 517 1487 Anglorum
534 1440 745 1487 provinciis
765 1438 907 1487 quibus
926 1440 1111 1487 regnavit
1129 1450 1200 1475 rex
1219 1436 1386 1482 Osuald‚

201 1516 347 1552 magna
363 1502 576 1540 devotione
597 1502 765 1540 verbum
780 1501 874 1539 fidei
888 1501 1136 1551 praedicare,
1158 1506 1201 1540 et
1221 1501 1385 1539 creden-

202 1568 308 1604 tibus
361 1568 534 1617 gratiam
587 1567 792 1616 baptismi,
846 1568 1088 1616 quicumque
1142 1565 1381 1604 sacerdotali

203 1636 318 1669 erant
353 1631 481 1681 gradu
518 1630 706 1680 praediti,
742 1632 981 1668 ministrare.
1037 1629 1385 1667 Construebantur

202 1709 297 1746 ergo
326 1693 517 1732 ecclesiae
545 1708 617 1745 per
646 1694 746 1739 loca,
775 1693 1034 1732 confluebant
1062 1694 1114 1731 ad
1142 1694 1385 1732 audiendum

203 1761 368 1798 verbum
389 1758 526 1809 populi
547 1759 787 1809 gaudentes,
808 1758 1064 1796 donabantur
1083 1771 1251 1796 munere
1272 1760 1384 1808 regio

202 1826 483 1875 possessioneS‚
504 1829 546 1861 et
565 1825 767 1861 territoria
788 1822 839 1860 ad
857 1822 1108 1860 instituenda
1127 1824 1385 1867 monasteria,

201 1889 486 1927 imbuebantur
498 1888 825 1938 praeceptoribus
833 1886 979 1924 Scottis
987 1886 1140 1936 parvuli
1148 1886 1385 1936 Anglorum,

473 2029 485 2049 ¹
511 2029 557 2061 Or
573 2028 665 2070 Holy
682 2029 809 2065 Island‚
827 2028 925 2060 N.W.
943 2028 978 2060 of
993 2028 1115 2060 Fame.

203 2093 273 2140 336
