1473 2322
430 130 541 168 THE
578 129 908 168 VENERABLE
944 129 1091 168 BEDE

173 234 326 272 insulae
364 234 565 278 fertilitas,
600 247 645 270 ac
682 235 855 284 segnitia
893 233 1146 278 Brettonum,
1179 236 1357 271 mittitur

170 295 383 334 confestim
424 295 490 332 illo
532 295 665 332 classis
706 294 895 345 prolixior
937 301 1182 333 armatorum
1223 293 1356 333 ferens

171 371 336 395 manum
362 356 583 401 fortiorem,
603 369 708 407 quae
733 358 977 406 praemissae
996 356 1186 394 adiuncta
1205 355 1356 393 cohorti

173 418 442 456 invincibilem
465 417 562 456 fecit
586 420 821 456 exercitum.
876 416 1147 468 Susceperunt
1171 431 1266 468 ergo
1290 419 1358 467 qui

173 480 438 524 advenerunt,
459 480 701 517 donantibus
721 479 928 524 Brittanis,
947 479 1079 516 locum
1099 478 1358 516 habitationis

173 545 279 579 inter
310 555 392 586 eos,
422 555 470 579 ea
501 542 730 579 conditione
759 546 806 578 ut
834 540 874 577 hi
902 554 974 591 pro
1002 543 1159 591 patriae
1187 553 1288 590 pace
1317 545 1360 577 et

172 603 302 642 salute
326 609 465 641 contra
489 604 734 641 adversarios
757 602 992 647 militarent,
1015 602 1071 638 illi
1093 601 1360 639 militantibus

174 665 313 702 debita
337 665 538 715 stipendia
563 663 803 702 conferrent.
860 665 1122 701 Advenerant
1147 669 1285 701 autem
1309 662 1359 700 de

176 727 303 764 tribus
314 727 555 764 Germaniae
563 726 719 776 populis
728 725 971 770 fortioribus,
985 726 1025 763 id
1034 731 1109 769 est,
1123 724 1360 768 Saxonibus,

174 788 331 838 Anglis,
353 788 467 826 Iutis.
523 787 587 826 De
615 787 798 825 Iutarum
819 789 971 837 origine
992 792 1086 824 sunt
1107 786 1298 823 Cantuari
1319 791 1362 823 et

175 849 367 894 Victuari,
379 849 454 887 hoc
468 855 543 894 est,
562 863 609 888 ea
626 862 725 900 gens
739 861 844 899 quae
856 849 1026 887 Vectam
1043 853 1160 886 tenet
1177 847 1361 891 insulam,

175 917 218 948 et
238 925 285 949 ea
307 924 411 962 quae
439 925 566 962 usque
594 910 714 949 hodie
741 913 783 947 in
809 913 1011 961 provincia
1041 909 1361 947 Occidentalium

175 972 379 1010 Saxonum
415 973 598 1011 Iutarum
631 975 742 1010 natio
777 975 1020 1016 nominatur,
1055 974 1187 1022 posita
1223 976 1362 1008 contra

174 1038 302 1085 ipsam
332 1035 503 1072 insulam
533 1034 716 1072 Vectam.
772 1034 836 1072 De
867 1033 1105 1078 Saxonibus,
1135 1033 1177 1070 id
1207 1038 1283 1077 est,
1315 1045 1363 1070 ea

175 1099 338 1147 regione
359 1109 463 1148 quae
483 1110 588 1134 nune
604 1096 875 1147 Antiquorum
890 1094 1094 1133 Saxonum
1109 1096 1363 1146 cognomina-

174 1164 253 1203 tur,
280 1172 426 1197 venere
453 1158 681 1196 Orientales
707 1157 900 1202 Saxones,
928 1157 1144 1195 Meridiani
1170 1155 1362 1199 Saxones.

176 1219 343 1258 Occidui
368 1219 557 1258 Saxones.
614 1219 735 1257 Porro
761 1219 811 1258 de
838 1218 993 1270 Anglis,
1019 1218 1093 1256 hoc
1119 1223 1194 1262 est,
1221 1218 1271 1256 de
1297 1217 1363 1254 illa

175 1284 307 1331 patria
330 1295 435 1333 quae
459 1282 642 1332 Angulus
663 1282 809 1319 dicitur
830 1287 871 1319 et
892 1282 943 1318 ab
964 1294 1010 1318 eo
1031 1286 1214 1330 tempore
1236 1293 1364 1329 usque

179 1343 297 1382 hodie
338 1358 502 1382 manere
544 1345 727 1382 desertus
769 1346 874 1381 inter
914 1344 1135 1392 provincias
1181 1341 1363 1379 Iutarum

176 1410 219 1444 et
256 1404 461 1444 Saxonum
499 1405 748 1456 perhibetur,
788 1404 1015 1442 Orientales
1056 1403 1191 1455 Angli,
1231 1403 1363 1440 Medi-

175 1470 351 1506 terranei
406 1468 542 1519 Angli,
599 1467 741 1511 Merci‚
794 1472 883 1504 tota
938 1464 1363 1516 Nordanhymbrorum

176 1532 404 1581 progenies,
427 1530 469 1567 id
497 1535 573 1574 est,
594 1529 750 1566 illarum
769 1531 954 1580 gentium
983 1540 1087 1578 quae
1116 1527 1167 1565 ad
1193 1527 1363 1564 Boream

177 1591 349 1630 Humbri
393 1591 566 1629 fluminis
612 1590 843 1628 inhabitant
887 1592 1093 1640 ceterique
1141 1588 1363 1639 Anglorum

176 1653 314 1703 populi
344 1659 439 1692 sunt
469 1656 558 1691 orti.
614 1653 749 1690 Duces
780 1651 901 1690 fuisse
931 1651 1196 1702 perhibentur
1226 1663 1364 1688 eorum

185 1717 303 1765 primi
325 1715 404 1754 duo
425 1714 570 1754 fratres
592 1715 768 1765 Hengist
790 1719 833 1752 et
854 1713 984 1751 Horsa
997 1725 1006 1757 ;
1029 1727 1051 1751 e
1069 1713 1212 1763 quibus
1235 1711 1363 1749 Horsa

178 1783 322 1827 postea
352 1779 501 1815 occisus
532 1779 572 1814 in
602 1776 708 1814 bello
740 1790 763 1813 a
793 1775 1067 1819 Brettonibus,
1098 1774 1292 1812 hactenus
1323 1775 1364 1810 in

179 1839 440 1877 orientalibus
476 1839 644 1876 Cantiae
678 1839 858 1888 partibus
892 1842 1200 1874 monumentum
1239 1834 1365 1873 habet

179 1913 250 1938 suo
290 1904 451 1940 nomine
491 1903 659 1951 insigne.
713 1900 841 1937 Erant
882 1904 1020 1936 autem
1060 1897 1127 1934 filii
1169 1896 1364 1947 victgilsi,

404 2014 415 2033 1
440 2013 608 2045 Holstein.
940 2011 952 2030 ²
974 2009 1142 2043 Slesm‘ck.

184 2070 228 2105 70
