<?xml version="1.0" encoding="UTF-8"?>
<!DOCTYPE html PUBLIC "-//W3C//DTD XHTML 1.0 Transitional//EN"
    "http://www.w3.org/TR/xhtml1/DTD/xhtml1-transitional.dtd">
<html xmlns="http://www.w3.org/1999/xhtml" xml:lang="en" lang="en">
 <head>
  <title>
</title>
<meta http-equiv="Content-Type" content="text/html;charset=utf-8" />
  <meta name='ocr-system' content='tesseract 3.04.00' />
  <meta name='ocr-capabilities' content='ocr_page ocr_carea ocr_par ocr_line ocrx_word'/>
</head>
<body>
  <div class='ocr_page' id='page_1' title='image "./operahistorica01bedeuoft_0116.png"; bbox 0 0 1473 2322; ppageno 0'>
   <div class='ocr_carea' id='block_1_1' title="bbox 431 140 1090 178">
    <p class='ocr_par' dir='ltr' id='par_1_1' title="bbox 431 140 1090 178">
     <span class='ocr_line' id='line_1_1' title="bbox 431 140 1090 178; baseline 0 0"><span class='ocrx_word' id='word_1_1' title='bbox 431 141 542 178; x_wconf 89' lang='lat' dir='ltr'>THE</span> <span class='ocrx_word' id='word_1_2' title='bbox 578 140 908 178; x_wconf 85' lang='lat' dir='ltr'>VENERABLE</span> <span class='ocrx_word' id='word_1_3' title='bbox 943 141 1090 178; x_wconf 88' lang='lat' dir='ltr'>BEDE</span> 
     </span>
    </p>
   </div>
   <div class='ocr_carea' id='block_1_2' title="bbox 167 243 1352 667">
    <p class='ocr_par' dir='ltr' id='par_1_2' title="bbox 167 243 1352 667">
     <span class='ocr_line' id='line_1_2' title="bbox 167 243 1352 294; baseline 0 -13"><span class='ocrx_word' id='word_1_4' title='bbox 167 243 345 281; x_wconf 84' lang='lat' dir='ltr'>nonnulli</span> <span class='ocrx_word' id='word_1_5' title='bbox 365 243 416 282; x_wconf 90' lang='lat' dir='ltr'>de</span> <span class='ocrx_word' id='word_1_6' title='bbox 437 244 672 281; x_wconf 83' lang='lat' dir='ltr'><strong>miserandis</strong></span> <span class='ocrx_word' id='word_1_7' title='bbox 693 243 868 294; x_wconf 88' lang='lat' dir='ltr'>reliquiis</span> <span class='ocrx_word' id='word_1_8' title='bbox 889 246 930 281; x_wconf 86' lang='lat' dir='ltr'>in</span> <span class='ocrx_word' id='word_1_9' title='bbox 950 244 1154 281; x_wconf 90' lang='lat' dir='ltr'>montibus</span> <span class='ocrx_word' id='word_1_10' title='bbox 1174 257 1352 293; x_wconf 83' lang='lat' dir='ltr'>compre-</span> 
     </span>
     <span class='ocr_line' id='line_1_3' title="bbox 168 296 1352 346; baseline -0.001 -12"><span class='ocrx_word' id='word_1_11' title='bbox 168 297 280 334; x_wconf 88' lang='lat' dir='ltr'>hensi</span> <span class='ocrx_word' id='word_1_12' title='bbox 317 299 536 335; x_wconf 87' lang='lat' dir='ltr'>acervatim</span> <span class='ocrx_word' id='word_1_13' title='bbox 573 296 883 346; x_wconf 86' lang='lat' dir='ltr'>iugulabantur:</span> <span class='ocrx_word' id='word_1_14' title='bbox 934 296 999 333; x_wconf 88' lang='lat' dir='ltr'>alii</span> <span class='ocrx_word' id='word_1_15' title='bbox 1035 296 1143 334; x_wconf 88' lang='lat' dir='ltr'>fame</span> <span class='ocrx_word' id='word_1_16' title='bbox 1179 296 1352 335; x_wconf 86' lang='lat' dir='ltr'>confecti</span> 
     </span>
     <span class='ocr_line' id='line_1_4' title="bbox 167 350 1352 400; baseline 0.001 -14"><span class='ocrx_word' id='word_1_17' title='bbox 167 350 432 400; x_wconf 80' lang='lat' dir='ltr'>procedentes</span> <span class='ocrx_word' id='word_1_18' title='bbox 455 363 598 387; x_wconf 90' lang='lat' dir='ltr'>manus</span> <span class='ocrx_word' id='word_1_19' title='bbox 622 350 803 387; x_wconf 78' lang='lat' dir='ltr'>hostibus</span> <span class='ocrx_word' id='word_1_20' title='bbox 827 350 993 394; x_wconf 87' lang='lat' dir='ltr'>dabant,</span> <span class='ocrx_word' id='word_1_21' title='bbox 1017 363 1088 399; x_wconf 91' lang='lat' dir='ltr'>pro</span> <span class='ocrx_word' id='word_1_22' title='bbox 1113 350 1352 399; x_wconf 83' lang='lat' dir='ltr'>accipiendis</span> 
     </span>
     <span class='ocr_line' id='line_1_5' title="bbox 168 403 1352 448; baseline -0.001 -8"><span class='ocrx_word' id='word_1_23' title='bbox 168 403 450 441; x_wconf 82' lang='lat' dir='ltr'>alimentorum</span> <span class='ocrx_word' id='word_1_24' title='bbox 479 404 663 441; x_wconf 90' lang='lat' dir='ltr'>subsidiis</span> <span class='ocrx_word' id='word_1_25' title='bbox 692 409 904 441; x_wconf 85' lang='lat' dir='ltr'>aeternum</span> <span class='ocrx_word' id='word_1_26' title='bbox 932 403 1102 440; x_wconf 86' lang='lat' dir='ltr'>subituri</span> <span class='ocrx_word' id='word_1_27' title='bbox 1131 405 1352 448; x_wconf 87' lang='lat' dir='ltr'>servitium,</span> 
     </span>
     <span class='ocr_line' id='line_1_6' title="bbox 167 455 1352 494; baseline 0 -1"><span class='ocrx_word' id='word_1_28' title='bbox 167 458 200 494; x_wconf 89' lang='lat' dir='ltr'>si</span> <span class='ocrx_word' id='word_1_29' title='bbox 235 462 375 494; x_wconf 86' lang='lat' dir='ltr'>tamen</span> <span class='ocrx_word' id='word_1_30' title='bbox 410 470 490 493; x_wconf 90' lang='lat' dir='ltr'>non</span> <span class='ocrx_word' id='word_1_31' title='bbox 526 458 716 494; x_wconf 90' lang='lat' dir='ltr'>continuo</span> <span class='ocrx_word' id='word_1_32' title='bbox 752 456 1071 494; x_wconf 82' lang='lat' dir='ltr'>trucidarentur:</span> <span class='ocrx_word' id='word_1_33' title='bbox 1123 455 1188 492; x_wconf 89' lang='lat' dir='ltr'>alii</span> <span class='ocrx_word' id='word_1_34' title='bbox 1224 462 1352 493; x_wconf 88' lang='lat' dir='ltr'>trans-</span> 
     </span>
     <span class='ocr_line' id='line_1_7' title="bbox 167 508 1352 560; baseline 0.002 -14"><span class='ocrx_word' id='word_1_35' title='bbox 167 512 340 546; x_wconf 88' lang='lat' dir='ltr'>marinas</span> <span class='ocrx_word' id='word_1_36' title='bbox 363 512 547 560; x_wconf 86' lang='lat' dir='ltr'>regiones</span> <span class='ocrx_word' id='word_1_37' title='bbox 572 509 754 548; x_wconf 87' lang='lat' dir='ltr'>dolentes</span> <span class='ocrx_word' id='word_1_38' title='bbox 777 510 998 559; x_wconf 85' lang='lat' dir='ltr'>petebant:</span> <span class='ocrx_word' id='word_1_39' title='bbox 1036 508 1101 546; x_wconf 91' lang='lat' dir='ltr'>alii</span> <span class='ocrx_word' id='word_1_40' title='bbox 1124 515 1352 559; x_wconf 86' lang='lat' dir='ltr'>perstantes</span> 
     </span>
     <span class='ocr_line' id='line_1_8' title="bbox 167 563 1352 613; baseline 0 -13"><span class='ocrx_word' id='word_1_41' title='bbox 167 565 209 600; x_wconf 91' lang='lat' dir='ltr'>in</span> <span class='ocrx_word' id='word_1_42' title='bbox 228 565 360 612; x_wconf 89' lang='lat' dir='ltr'>patria</span> <span class='ocrx_word' id='word_1_43' title='bbox 379 563 527 613; x_wconf 85' lang='lat' dir='ltr'>trepidi</span> <span class='ocrx_word' id='word_1_44' title='bbox 548 576 768 613; x_wconf 83' lang='lat' dir='ltr'>pauperem</span> <span class='ocrx_word' id='word_1_45' title='bbox 790 565 914 600; x_wconf 85' lang='lat' dir='ltr'>vitam</span> <span class='ocrx_word' id='word_1_46' title='bbox 934 565 975 599; x_wconf 93' lang='lat' dir='ltr'>in</span> <span class='ocrx_word' id='word_1_47' title='bbox 995 563 1213 606; x_wconf 88' lang='lat' dir='ltr'>montibus,</span> <span class='ocrx_word' id='word_1_48' title='bbox 1234 563 1352 608; x_wconf 88' lang='lat' dir='ltr'>silvis,</span> 
     </span>
     <span class='ocr_line' id='line_1_9' title="bbox 169 615 1317 667; baseline 0.001 -15"><span class='ocrx_word' id='word_1_49' title='bbox 169 615 231 654; x_wconf 82' lang='lat' dir='ltr'>vel</span> <span class='ocrx_word' id='word_1_50' title='bbox 250 616 414 666; x_wconf 89' lang='lat' dir='ltr'>rupibus</span> <span class='ocrx_word' id='word_1_51' title='bbox 434 616 567 654; x_wconf 87' lang='lat' dir='ltr'>arduis</span> <span class='ocrx_word' id='word_1_52' title='bbox 586 622 773 667; x_wconf 82' lang='lat' dir='ltr'>suspecta</span> <span class='ocrx_word' id='word_1_53' title='bbox 793 630 951 667; x_wconf 86' lang='lat' dir='ltr'>semper</span> <span class='ocrx_word' id='word_1_54' title='bbox 968 621 1108 654; x_wconf 90' lang='lat' dir='ltr'>mente</span> <span class='ocrx_word' id='word_1_55' title='bbox 1127 616 1317 667; x_wconf 85' lang='lat' dir='ltr'>agebant.</span> 
     </span>
    </p>
   </div>
   <div class='ocr_carea' id='block_1_3' title="bbox 629 888 910 926">
    <p class='ocr_par' dir='ltr' id='par_1_3' title="bbox 629 888 910 926">
     <span class='ocr_line' id='line_1_10' title="bbox 629 888 910 926; baseline -0.004 0"><span class='ocrx_word' id='word_1_56' title='bbox 629 888 745 926; x_wconf 90' lang='lat' dir='ltr'><strong>CAP.</strong></span> <span class='ocrx_word' id='word_1_57' title='bbox 783 888 878 925; x_wconf 91' lang='lat' dir='ltr'>XVI</span> <span class='ocrx_word' id='word_1_58' title='bbox 895 888 910 912; x_wconf 86' lang='lat'>¹</span> 
     </span>
    </p>
   </div>
   <div class='ocr_carea' id='block_1_4' title="bbox 177 973 1356 1078">
    <p class='ocr_par' dir='ltr' id='par_1_4' title="bbox 177 973 1356 1078">
     <span class='ocr_line' id='line_1_11' title="bbox 177 973 1356 1026; baseline -0.003 -13"><span class='ocrx_word' id='word_1_59' title='bbox 177 976 225 1014; x_wconf 76' lang='lat' dir='ltr'>Ut</span> <span class='ocrx_word' id='word_1_60' title='bbox 244 975 436 1013; x_wconf 78' lang='lat' dir='ltr'>Brettones</span> <span class='ocrx_word' id='word_1_61' title='bbox 451 975 612 1026; x_wconf 80' lang='lat' dir='ltr'>primam</span> <span class='ocrx_word' id='word_1_62' title='bbox 633 975 677 1011; x_wconf 82' lang='lat' dir='ltr'>de</span> <span class='ocrx_word' id='word_1_63' title='bbox 694 980 801 1025; x_wconf 78' lang='lat' dir='ltr'>gente</span> <span class='ocrx_word' id='word_1_64' title='bbox 821 973 1025 1025; x_wconf 79' lang='lat' dir='ltr'>Anglorum</span> <span class='ocrx_word' id='word_1_65' title='bbox 1045 974 1246 1018; x_wconf 73' lang='lat' dir='ltr'>victoriam,</span> <span class='ocrx_word' id='word_1_66' title='bbox 1267 973 1356 1010; x_wconf 86' lang='lat' dir='ltr'>duce</span> 
     </span>
     <span class='ocr_line' id='line_1_12' title="bbox 363 1028 1162 1078; baseline -0.003 -12"><span class='ocrx_word' id='word_1_67' title='bbox 363 1028 553 1066; x_wconf 73' lang='lat' dir='ltr'>Ambrosio</span> <span class='ocrx_word' id='word_1_68' title='bbox 572 1028 739 1065; x_wconf 82' lang='lat' dir='ltr'>Romano</span> <span class='ocrx_word' id='word_1_69' title='bbox 758 1028 913 1072; x_wconf 79' lang='lat' dir='ltr'>homine,</span> <span class='ocrx_word' id='word_1_70' title='bbox 933 1028 1162 1078; x_wconf 74' lang='lat' dir='ltr'>sumpserint.</span> 
     </span>
    </p>
   </div>
   <div class='ocr_carea' id='block_1_5' title="bbox 171 1113 1358 1859">
    <p class='ocr_par' dir='ltr' id='par_1_5' title="bbox 171 1113 1358 1859">
     <span class='ocr_line' id='line_1_13' title="bbox 222 1113 1356 1163; baseline -0.002 -11"><span class='ocrx_word' id='word_1_71' title='bbox 222 1116 285 1152; x_wconf 80' lang='lat' dir='ltr'>AT</span> <span class='ocrx_word' id='word_1_72' title='bbox 303 1116 371 1152; x_wconf 91' lang='lat' dir='ltr'>ubi</span> <span class='ocrx_word' id='word_1_73' title='bbox 388 1114 541 1152; x_wconf 86' lang='lat' dir='ltr'>hostilis</span> <span class='ocrx_word' id='word_1_74' title='bbox 560 1116 774 1159; x_wconf 79' lang='lat' dir='ltr'>exercitus,</span> <span class='ocrx_word' id='word_1_75' title='bbox 792 1115 1070 1151; x_wconf 82' lang='lat' dir='ltr'>exterminatis</span> <span class='ocrx_word' id='word_1_76' title='bbox 1088 1113 1356 1163; x_wconf 85' lang='lat' dir='ltr'>dispersisque</span> 
     </span>
     <span class='ocr_line' id='line_1_14' title="bbox 171 1168 1356 1219; baseline -0.003 -14"><span class='ocrx_word' id='word_1_77' title='bbox 171 1168 324 1205; x_wconf 86' lang='lat' dir='ltr'>insulae</span> <span class='ocrx_word' id='word_1_78' title='bbox 351 1169 563 1219; x_wconf 87' lang='lat' dir='ltr'>indigenis,</span> <span class='ocrx_word' id='word_1_79' title='bbox 584 1168 748 1206; x_wconf 91' lang='lat' dir='ltr'>domum</span> <span class='ocrx_word' id='word_1_80' title='bbox 774 1180 955 1205; x_wconf 86' lang='lat' dir='ltr'>reversus</span> <span class='ocrx_word' id='word_1_81' title='bbox 977 1172 1052 1211; x_wconf 88' lang='lat' dir='ltr'>est,</span> <span class='ocrx_word' id='word_1_82' title='bbox 1072 1171 1293 1216; x_wconf 88' lang='lat' dir='ltr'>coeperunt</span> <span class='ocrx_word' id='word_1_83' title='bbox 1312 1171 1356 1203; x_wconf 88' lang='lat' dir='ltr'>et</span> 
     </span>
     <span class='ocr_line' id='line_1_15' title="bbox 171 1221 1356 1271; baseline -0.002 -13"><span class='ocrx_word' id='word_1_84' title='bbox 171 1221 225 1258; x_wconf 91' lang='lat' dir='ltr'>illi</span> <span class='ocrx_word' id='word_1_85' title='bbox 251 1221 447 1271; x_wconf 86' lang='lat' dir='ltr'>paulatim</span> <span class='ocrx_word' id='word_1_86' title='bbox 472 1223 573 1259; x_wconf 91' lang='lat' dir='ltr'>vires</span> <span class='ocrx_word' id='word_1_87' title='bbox 600 1223 833 1270; x_wconf 87' lang='lat' dir='ltr'>animosque</span> <span class='ocrx_word' id='word_1_88' title='bbox 857 1233 1075 1264; x_wconf 86' lang='lat' dir='ltr'>resumere,</span> <span class='ocrx_word' id='word_1_89' title='bbox 1101 1224 1356 1270; x_wconf 84' lang='lat' dir='ltr'>emergentes</span> 
     </span>
     <span class='ocr_line' id='line_1_16' title="bbox 172 1272 1357 1325; baseline -0.003 -12"><span class='ocrx_word' id='word_1_90' title='bbox 172 1275 222 1313; x_wconf 87' lang='lat' dir='ltr'>de</span> <span class='ocrx_word' id='word_1_91' title='bbox 249 1274 425 1312; x_wconf 85' lang='lat' dir='ltr'>latibulis</span> <span class='ocrx_word' id='word_1_92' title='bbox 453 1275 596 1325; x_wconf 91' lang='lat' dir='ltr'>quibus</span> <span class='ocrx_word' id='word_1_93' title='bbox 624 1275 751 1312; x_wconf 82' lang='lat' dir='ltr'>abdjti</span> <span class='ocrx_word' id='word_1_94' title='bbox 778 1272 953 1318; x_wconf 86' lang='lat' dir='ltr'>fuerant,</span> <span class='ocrx_word' id='word_1_95' title='bbox 981 1279 1024 1312; x_wconf 89' lang='lat' dir='ltr'>et</span> <span class='ocrx_word' id='word_1_96' title='bbox 1050 1275 1239 1310; x_wconf 90' lang='lat' dir='ltr'>unanimo</span> <span class='ocrx_word' id='word_1_97' title='bbox 1266 1285 1357 1310; x_wconf 90' lang='lat' dir='ltr'>con—</span> 
     </span>
     <span class='ocr_line' id='line_1_17' title="bbox 172 1325 1358 1377; baseline -0.002 -12"><span class='ocrx_word' id='word_1_98' title='bbox 172 1341 291 1366; x_wconf 89' lang='lat' dir='ltr'>sensu</span> <span class='ocrx_word' id='word_1_99' title='bbox 333 1328 525 1365; x_wconf 77' lang='lat' dir='ltr'>auxilium</span> <span class='ocrx_word' id='word_1_100' title='bbox 563 1327 737 1365; x_wconf 88' lang='lat' dir='ltr'>caeleste</span> <span class='ocrx_word' id='word_1_101' title='bbox 775 1333 987 1377; x_wconf 87' lang='lat' dir='ltr'>precantes</span> <span class='ocrx_word' id='word_1_102' title='bbox 1034 1340 1085 1364; x_wconf 87' lang='lat' dir='ltr'>ne</span> <span class='ocrx_word' id='word_1_103' title='bbox 1132 1339 1259 1376; x_wconf 92' lang='lat' dir='ltr'>usque</span> <span class='ocrx_word' id='word_1_104' title='bbox 1307 1325 1358 1363; x_wconf 85' lang='lat' dir='ltr'>ad</span> 
     </span>
     <span class='ocr_line' id='line_1_18' title="bbox 172 1379 1358 1432; baseline -0.003 -13"><span class='ocrx_word' id='word_1_105' title='bbox 172 1384 488 1420; x_wconf 88' lang='lat' dir='ltr'>internecionem</span> <span class='ocrx_word' id='word_1_106' title='bbox 512 1394 801 1432; x_wconf 87' lang='lat' dir='ltr'>usquequaque</span> <span class='ocrx_word' id='word_1_107' title='bbox 825 1380 1068 1418; x_wconf 89' lang='lat' dir='ltr'>delerentur.</span> <span class='ocrx_word' id='word_1_108' title='bbox 1125 1379 1358 1417; x_wconf 88' lang='lat' dir='ltr'>Utebantur</span> 
     </span>
     <span class='ocr_line' id='line_1_19' title="bbox 174 1433 1357 1485; baseline -0.003 -12"><span class='ocrx_word' id='word_1_109' title='bbox 174 1448 221 1472; x_wconf 86' lang='lat' dir='ltr'>eo</span> <span class='ocrx_word' id='word_1_110' title='bbox 244 1441 428 1485; x_wconf 90' lang='lat' dir='ltr'>tempore</span> <span class='ocrx_word' id='word_1_111' title='bbox 452 1435 553 1472; x_wconf 90' lang='lat' dir='ltr'>duce</span> <span class='ocrx_word' id='word_1_112' title='bbox 577 1436 789 1472; x_wconf 87' lang='lat' dir='ltr'>Ambrosio</span> <span class='ocrx_word' id='word_1_113' title='bbox 812 1433 1030 1471; x_wconf 83' lang='lat' dir='ltr'>Aureliano</span> <span class='ocrx_word' id='word_1_114' title='bbox 1055 1435 1136 1470; x_wconf 86' lang='lat' dir='ltr'>viro</span> <span class='ocrx_word' id='word_1_115' title='bbox 1159 1433 1357 1476; x_wconf 88' lang='lat' dir='ltr'>modesto,</span> 
     </span>
     <span class='ocr_line' id='line_1_20' title="bbox 174 1486 1357 1538; baseline -0.003 -14"><span class='ocrx_word' id='word_1_116' title='bbox 174 1491 242 1538; x_wconf 92' lang='lat' dir='ltr'>qui</span> <span class='ocrx_word' id='word_1_117' title='bbox 262 1489 366 1526; x_wconf 89' lang='lat' dir='ltr'>solus</span> <span class='ocrx_word' id='word_1_118' title='bbox 387 1487 492 1526; x_wconf 87' lang='lat' dir='ltr'>forte</span> <span class='ocrx_word' id='word_1_119' title='bbox 512 1488 719 1525; x_wconf 84' lang='lat' dir='ltr'>Romanae</span> <span class='ocrx_word' id='word_1_120' title='bbox 738 1489 872 1538; x_wconf 88' lang='lat' dir='ltr'>gentis</span> <span class='ocrx_word' id='word_1_121' title='bbox 890 1486 1101 1537; x_wconf 86' lang='lat' dir='ltr'>praefatae</span> <span class='ocrx_word' id='word_1_122' title='bbox 1120 1489 1357 1536; x_wconf 85' lang='lat' dir='ltr'>tempestati</span> 
     </span>
     <span class='ocr_line' id='line_1_21' title="bbox 173 1540 1358 1591; baseline -0.003 -12"><span class='ocrx_word' id='word_1_123' title='bbox 173 1541 441 1591; x_wconf 84' lang='lat' dir='ltr'>superfuerat,</span> <span class='ocrx_word' id='word_1_124' title='bbox 483 1544 618 1579; x_wconf 89' lang='lat' dir='ltr'>occisis</span> <span class='ocrx_word' id='word_1_125' title='bbox 659 1544 700 1578; x_wconf 91' lang='lat' dir='ltr'>in</span> <span class='ocrx_word' id='word_1_126' title='bbox 742 1541 885 1578; x_wconf 89' lang='lat' dir='ltr'>eadem</span> <span class='ocrx_word' id='word_1_127' title='bbox 926 1540 1160 1590; x_wconf 87' lang='lat' dir='ltr'>parentibus</span> <span class='ocrx_word' id='word_1_128' title='bbox 1203 1542 1358 1590; x_wconf 86' lang='lat' dir='ltr'>regium</span> 
     </span>
     <span class='ocr_line' id='line_1_22' title="bbox 174 1593 1358 1646; baseline -0.003 -15"><span class='ocrx_word' id='word_1_129' title='bbox 174 1608 321 1633; x_wconf 89' lang='lat' dir='ltr'>nomen</span> <span class='ocrx_word' id='word_1_130' title='bbox 349 1601 391 1633; x_wconf 87' lang='lat' dir='ltr'>et</span> <span class='ocrx_word' id='word_1_131' title='bbox 416 1597 572 1646; x_wconf 86' lang='lat' dir='ltr'>insigne</span> <span class='ocrx_word' id='word_1_132' title='bbox 599 1593 835 1632; x_wconf 86' lang='lat' dir='ltr'>ferentibus.</span> <span class='ocrx_word' id='word_1_133' title='bbox 891 1593 978 1630; x_wconf 91' lang='lat' dir='ltr'>Hoc</span> <span class='ocrx_word' id='word_1_134' title='bbox 1006 1607 1101 1643; x_wconf 85' lang='lat' dir='ltr'>ergo</span> <span class='ocrx_word' id='word_1_135' title='bbox 1128 1593 1229 1630; x_wconf 87' lang='lat' dir='ltr'>ducc</span> <span class='ocrx_word' id='word_1_136' title='bbox 1257 1594 1358 1630; x_wconf 84' lang='lat' dir='ltr'>vires</span> 
     </span>
     <span class='ocr_line' id='line_1_23' title="bbox 173 1645 1358 1698; baseline -0.002 -13"><span class='ocrx_word' id='word_1_137' title='bbox 173 1654 389 1698; x_wconf 85' lang='lat' dir='ltr'>capessunt</span> <span class='ocrx_word' id='word_1_138' title='bbox 423 1648 653 1692; x_wconf 85' lang='lat' dir='ltr'>Brettones,</span> <span class='ocrx_word' id='word_1_139' title='bbox 691 1652 734 1685; x_wconf 89' lang='lat' dir='ltr'>et</span> <span class='ocrx_word' id='word_1_140' title='bbox 780 1649 949 1684; x_wconf 86' lang='lat' dir='ltr'>victores</span> <span class='ocrx_word' id='word_1_141' title='bbox 996 1651 1259 1696; x_wconf 88' lang='lat' dir='ltr'>provocantes</span> <span class='ocrx_word' id='word_1_142' title='bbox 1307 1645 1358 1683; x_wconf 86' lang='lat' dir='ltr'>ad</span> 
     </span>
     <span class='ocr_line' id='line_1_24' title="bbox 174 1699 1356 1751; baseline -0.003 -13"><span class='ocrx_word' id='word_1_143' title='bbox 174 1701 382 1751; x_wconf 85' lang='lat' dir='ltr'>proelium,</span> <span class='ocrx_word' id='word_1_144' title='bbox 415 1703 622 1739; x_wconf 67' lang='lat' dir='ltr'>victoriam</span> <span class='ocrx_word' id='word_1_145' title='bbox 661 1703 749 1751; x_wconf 89' lang='lat' dir='ltr'>ipsi,</span> <span class='ocrx_word' id='word_1_146' title='bbox 784 1700 873 1738; x_wconf 89' lang='lat' dir='ltr'>Deo</span> <span class='ocrx_word' id='word_1_147' title='bbox 912 1699 1090 1744; x_wconf 83' lang='lat' dir='ltr'>favente,</span> <span class='ocrx_word' id='word_1_148' title='bbox 1123 1701 1356 1749; x_wconf 85' lang='lat' dir='ltr'>suscipiunt.</span> 
     </span>
     <span class='ocr_line' id='line_1_25' title="bbox 174 1752 1358 1804; baseline -0.003 -12"><span class='ocrx_word' id='word_1_149' title='bbox 174 1755 229 1792; x_wconf 84' lang='lat' dir='ltr'>Et</span> <span class='ocrx_word' id='word_1_150' title='bbox 248 1768 298 1793; x_wconf 88' lang='lat' dir='ltr'>ex</span> <span class='ocrx_word' id='word_1_151' title='bbox 319 1768 366 1793; x_wconf 86' lang='lat' dir='ltr'>eo</span> <span class='ocrx_word' id='word_1_152' title='bbox 385 1760 568 1804; x_wconf 90' lang='lat' dir='ltr'>tempore</span> <span class='ocrx_word' id='word_1_153' title='bbox 589 1768 693 1791; x_wconf 90' lang='lat' dir='ltr'>nunc</span> <span class='ocrx_word' id='word_1_154' title='bbox 712 1756 831 1798; x_wconf 85' lang='lat' dir='ltr'>cives,</span> <span class='ocrx_word' id='word_1_155' title='bbox 851 1766 956 1790; x_wconf 87' lang='lat' dir='ltr'>nunc</span> <span class='ocrx_word' id='word_1_156' title='bbox 974 1752 1110 1790; x_wconf 88' lang='lat' dir='ltr'>hostes</span> <span class='ocrx_word' id='word_1_157' title='bbox 1130 1753 1358 1796; x_wconf 84' lang='lat' dir='ltr'>vincebant,</span> 
     </span>
     <span class='ocr_line' id='line_1_26' title="bbox 175 1806 1358 1859; baseline -0.003 -13"><span class='ocrx_word' id='word_1_158' title='bbox 175 1821 301 1859; x_wconf 91' lang='lat' dir='ltr'>usque</span> <span class='ocrx_word' id='word_1_159' title='bbox 321 1809 371 1846; x_wconf 88' lang='lat' dir='ltr'>ad</span> <span class='ocrx_word' id='word_1_160' title='bbox 390 1822 538 1844; x_wconf 85' lang='lat' dir='ltr'>annum</span> <span class='ocrx_word' id='word_1_161' title='bbox 557 1808 793 1845; x_wconf 90' lang='lat' dir='ltr'>obsessionis</span> <span class='ocrx_word' id='word_1_162' title='bbox 811 1807 1001 1844; x_wconf 83' lang='lat' dir='ltr'>Badonjci</span> <span class='ocrx_word' id='word_1_163' title='bbox 1017 1808 1179 1850; x_wconf 90' lang='lat' dir='ltr'>montis,</span> <span class='ocrx_word' id='word_1_164' title='bbox 1197 1806 1358 1856; x_wconf 88' lang='lat' dir='ltr'>quando</span> 
     </span>
    </p>
   </div>
   <div class='ocr_carea' id='block_1_6' title="bbox 497 1907 1053 1950">
    <p class='ocr_par' dir='ltr' id='par_1_6' title="bbox 497 1907 1053 1950">
     <span class='ocr_line' id='line_1_27' title="bbox 497 1907 1053 1950; baseline -0.002 -10"><span class='ocrx_word' id='word_1_165' title='bbox 497 1910 508 1929; x_wconf 87' lang='lat'>1</span> <span class='ocrx_word' id='word_1_166' title='bbox 532 1908 758 1950; x_wconf 76' lang='lat' dir='ltr'>Abridgment</span> <span class='ocrx_word' id='word_1_167' title='bbox 774 1909 809 1941; x_wconf 87' lang='lat' dir='ltr'>of</span> <span class='ocrx_word' id='word_1_168' title='bbox 824 1907 954 1945; x_wconf 78' lang='lat' dir='ltr'>Gildas,</span> <span class='ocrx_word' id='word_1_169' title='bbox 970 1908 985 1948; x_wconf 83' lang='lat'>§</span> <span class='ocrx_word' id='word_1_170' title='bbox 1000 1909 1053 1940; x_wconf 88' lang='lat'>25.</span> 
     </span>
    </p>
   </div>
   <div class='ocr_carea' id='block_1_7' title="bbox 182 2016 1009 2119">
    <p class='ocr_par' dir='ltr' id='par_1_7' title="bbox 182 2016 1009 2119">
     <span class='ocr_line' id='line_1_28' title="bbox 539 2016 1009 2059; baseline -0.004 -10"><span class='ocrx_word' id='word_1_171' title='bbox 539 2018 551 2038; x_wconf 85' lang='lat'><strong>¹</strong></span> <span class='ocrx_word' id='word_1_172' title='bbox 574 2017 623 2049; x_wconf 89' lang='grc' dir='ltr'>Το</span> <span class='ocrx_word' id='word_1_173' title='bbox 640 2017 775 2049; x_wconf 82' lang='lat' dir='ltr'>Thanet</span> <span class='ocrx_word' id='word_1_174' title='bbox 791 2016 1009 2059; x_wconf 78' lang='lat' dir='ltr'>apparently.</span> 
     </span>
     <span class='ocr_line' id='line_1_29' title="bbox 182 2084 226 2119; baseline -0.023 0"><span class='ocrx_word' id='word_1_175' title='bbox 182 2084 226 2119; x_wconf 88' lang='grc'>74</span> 
     </span>
    </p>
   </div>
  </div>
 </body>
</html>
