<?xml version="1.0" encoding="UTF-8"?>
<!DOCTYPE html PUBLIC "-//W3C//DTD XHTML 1.0 Transitional//EN"
    "http://www.w3.org/TR/xhtml1/DTD/xhtml1-transitional.dtd">
<html xmlns="http://www.w3.org/1999/xhtml" xml:lang="en" lang="en">
 <head>
  <title>
</title>
<meta http-equiv="Content-Type" content="text/html;charset=utf-8" />
  <meta name='ocr-system' content='tesseract 3.04.00' />
  <meta name='ocr-capabilities' content='ocr_page ocr_carea ocr_par ocr_line ocrx_word'/>
</head>
<body>
  <div class='ocr_page' id='page_1' title='image "./operahistorica01bedeuoft_0298.png"; bbox 0 0 1473 2322; ppageno 0'>
   <div class='ocr_carea' id='block_1_1' title="bbox 439 144 1106 183">
    <p class='ocr_par' dir='ltr' id='par_1_1' title="bbox 439 144 1106 183">
     <span class='ocr_line' id='line_1_1' title="bbox 439 144 1106 183; baseline 0 -1"><span class='ocrx_word' id='word_1_1' title='bbox 439 145 550 182; x_wconf 91' lang='lat' dir='ltr'>THE</span> <span class='ocrx_word' id='word_1_2' title='bbox 590 144 922 182; x_wconf 90' lang='lat' dir='ltr'><strong>VENERABLE</strong></span> <span class='ocrx_word' id='word_1_3' title='bbox 958 144 1106 183; x_wconf 89' lang='lat' dir='ltr'>BEDE</span> 
     </span>
    </p>
   </div>
   <div class='ocr_carea' id='block_1_2' title="bbox 171 246 1360 1941">
    <p class='ocr_par' dir='ltr' id='par_1_2' title="bbox 171 246 1360 1411">
     <span class='ocr_line' id='line_1_2' title="bbox 174 246 1357 292; baseline -0.001 -8"><span class='ocrx_word' id='word_1_4' title='bbox 174 260 269 285; x_wconf 88' lang='lat' dir='ltr'>suae</span> <span class='ocrx_word' id='word_1_5' title='bbox 291 247 469 285; x_wconf 88' lang='lat' dir='ltr'>condidit</span> <span class='ocrx_word' id='word_1_6' title='bbox 491 251 534 285; x_wconf 90' lang='lat' dir='ltr'>et</span> <span class='ocrx_word' id='word_1_7' title='bbox 555 248 719 291; x_wconf 77' lang='lat' dir='ltr'>creavit,</span> <span class='ocrx_word' id='word_1_8' title='bbox 741 246 897 285; x_wconf 89' lang='lat' dir='ltr'>caelum</span> <span class='ocrx_word' id='word_1_9' title='bbox 919 246 1107 285; x_wconf 90' lang='lat' dir='ltr'>videlicet</span> <span class='ocrx_word' id='word_1_10' title='bbox 1129 251 1172 285; x_wconf 87' lang='lat' dir='ltr'>et</span> <span class='ocrx_word' id='word_1_11' title='bbox 1193 250 1357 292; x_wconf 88' lang='lat' dir='ltr'>terram,</span> 
     </span>
     <span class='ocr_line' id='line_1_3' title="bbox 173 305 1357 355; baseline 0.001 -14"><span class='ocrx_word' id='word_1_12' title='bbox 173 318 282 342; x_wconf 88' lang='lat' dir='ltr'>mare</span> <span class='ocrx_word' id='word_1_13' title='bbox 305 309 348 342; x_wconf 89' lang='lat' dir='ltr'>et</span> <span class='ocrx_word' id='word_1_14' title='bbox 370 306 503 341; x_wconf 88' lang='lat' dir='ltr'>omnia</span> <span class='ocrx_word' id='word_1_15' title='bbox 526 318 629 355; x_wconf 88' lang='lat' dir='ltr'>quae</span> <span class='ocrx_word' id='word_1_16' title='bbox 653 307 693 341; x_wconf 88' lang='lat' dir='ltr'>in</span> <span class='ocrx_word' id='word_1_17' title='bbox 717 307 773 343; x_wconf 92' lang='lat' dir='ltr'>eis</span> <span class='ocrx_word' id='word_1_18' title='bbox 796 310 904 349; x_wconf 88' lang='lat' dir='ltr'>sunt,</span> <span class='ocrx_word' id='word_1_19' title='bbox 928 305 1128 355; x_wconf 75' lang='lat' dir='ltr'>dispositis</span> <span class='ocrx_word' id='word_1_20' title='bbox 1152 305 1357 343; x_wconf 86' lang='lat' dir='ltr'>ordinibus</span> 
     </span>
     <span class='ocr_line' id='line_1_4' title="bbox 173 362 1359 413; baseline -0.001 -13"><span class='ocrx_word' id='word_1_21' title='bbox 173 364 316 413; x_wconf 91' lang='lat' dir='ltr'>quibus</span> <span class='ocrx_word' id='word_1_22' title='bbox 339 364 636 407; x_wconf 84' lang='lat' dir='ltr'>subsisterent,l</span> <span class='ocrx_word' id='word_1_23' title='bbox 661 365 864 401; x_wconf 76' lang='lat' dir='ltr'>coaeterni</span> <span class='ocrx_word' id='word_1_24' title='bbox 888 363 1009 401; x_wconf 82' lang='lat' dir='ltr'>Verbi</span> <span class='ocrx_word' id='word_1_25' title='bbox 1033 365 1093 401; x_wconf 91' lang='lat' dir='ltr'>sui</span> <span class='ocrx_word' id='word_1_26' title='bbox 1116 362 1291 408; x_wconf 90' lang='lat' dir='ltr'>consilio,</span> <span class='ocrx_word' id='word_1_27' title='bbox 1315 367 1359 401; x_wconf 90' lang='lat' dir='ltr'>et</span> 
     </span>
     <span class='ocr_line' id='line_1_5' title="bbox 172 421 1358 471; baseline 0.001 -13"><span class='ocrx_word' id='word_1_28' title='bbox 172 424 298 459; x_wconf 90' lang='lat' dir='ltr'>sancti</span> <span class='ocrx_word' id='word_1_29' title='bbox 343 421 512 471; x_wconf 72' lang='lat' dir='ltr'>Spiritus</span> <span class='ocrx_word' id='word_1_30' title='bbox 557 424 715 459; x_wconf 89' lang='lat' dir='ltr'>unitate</span> <span class='ocrx_word' id='word_1_31' title='bbox 761 422 1010 471; x_wconf 80' lang='lat' dir='ltr'>dispensans,</span> <span class='ocrx_word' id='word_1_32' title='bbox 1055 421 1259 459; x_wconf 89' lang='lat' dir='ltr'>hominem</span> <span class='ocrx_word' id='word_1_33' title='bbox 1306 422 1358 459; x_wconf 84' lang='lat' dir='ltr'>ad</span> 
     </span>
     <span class='ocr_line' id='line_1_6' title="bbox 173 479 1356 531; baseline 0.001 -14"><span class='ocrx_word' id='word_1_34' title='bbox 173 482 388 531; x_wconf 83' lang='lat' dir='ltr'>imaginem</span> <span class='ocrx_word' id='word_1_35' title='bbox 427 484 470 518; x_wconf 92' lang='lat' dir='ltr'>et</span> <span class='ocrx_word' id='word_1_36' title='bbox 507 480 810 518; x_wconf 88' lang='lat' dir='ltr'>similitudinem</span> <span class='ocrx_word' id='word_1_37' title='bbox 848 493 961 517; x_wconf 88' lang='lat' dir='ltr'>suam</span> <span class='ocrx_word' id='word_1_38' title='bbox 1000 493 1051 518; x_wconf 90' lang='lat' dir='ltr'>ex</span> <span class='ocrx_word' id='word_1_39' title='bbox 1088 479 1184 517; x_wconf 89' lang='lat' dir='ltr'>limo</span> <span class='ocrx_word' id='word_1_40' title='bbox 1222 484 1356 518; x_wconf 88' lang='lat' dir='ltr'>terrae</span> 
     </span>
     <span class='ocr_line' id='line_1_7' title="bbox 171 539 1359 590; baseline 0 -14"><span class='ocrx_word' id='word_1_41' title='bbox 171 539 414 590; x_wconf 88' lang='lat' dir='ltr'>plasmatum</span> <span class='ocrx_word' id='word_1_42' title='bbox 446 541 669 583; x_wconf 90' lang='lat' dir='ltr'>constituit,</span> <span class='ocrx_word' id='word_1_43' title='bbox 702 541 820 589; x_wconf 89' lang='lat' dir='ltr'>eique</span> <span class='ocrx_word' id='word_1_44' title='bbox 853 543 1011 576; x_wconf 88' lang='lat' dir='ltr'>tantam</span> <span class='ocrx_word' id='word_1_45' title='bbox 1043 540 1211 588; x_wconf 88' lang='lat' dir='ltr'>praemii</span> <span class='ocrx_word' id='word_1_46' title='bbox 1243 552 1359 589; x_wconf 89' lang='lat' dir='ltr'>prae-</span> 
     </span>
     <span class='ocr_line' id='line_1_8' title="bbox 171 597 1358 649; baseline -0.002 -13"><span class='ocrx_word' id='word_1_47' title='bbox 171 600 394 649; x_wconf 86' lang='lat' dir='ltr'>rogativam</span> <span class='ocrx_word' id='word_1_48' title='bbox 435 597 614 642; x_wconf 77' lang='lat' dir='ltr'>indulsit,</span> <span class='ocrx_word' id='word_1_49' title='bbox 656 602 703 635; x_wconf 90' lang='lat' dir='ltr'>ut</span> <span class='ocrx_word' id='word_1_50' title='bbox 745 611 838 636; x_wconf 91' lang='lat' dir='ltr'>eum</span> <span class='ocrx_word' id='word_1_51' title='bbox 879 599 1032 634; x_wconf 89' lang='lat' dir='ltr'>cunctis</span> <span class='ocrx_word' id='word_1_52' title='bbox 1074 602 1358 647; x_wconf 79' lang='lat' dir='ltr'>praeponeret,</span> 
     </span>
     <span class='ocr_line' id='line_1_9' title="bbox 174 658 1358 707; baseline -0.002 -13"><span class='ocrx_word' id='word_1_53' title='bbox 174 661 296 707; x_wconf 86' lang='lat' dir='ltr'>atque</span> <span class='ocrx_word' id='word_1_54' title='bbox 337 661 495 694; x_wconf 86' lang='lat' dir='ltr'>servato</span> <span class='ocrx_word' id='word_1_55' title='bbox 537 659 710 694; x_wconf 84' lang='lat' dir='ltr'>termino</span> <span class='ocrx_word' id='word_1_56' title='bbox 751 658 1061 706; x_wconf 79' lang='lat' dir='ltr'>praeceptionis,</span> <span class='ocrx_word' id='word_1_57' title='bbox 1104 658 1358 693; x_wconf 78' lang='lat' dir='ltr'>aeternitatis</span> 
     </span>
     <span class='ocr_line' id='line_1_10' title="bbox 172 713 1358 765; baseline 0 -14"><span class='ocrx_word' id='word_1_58' title='bbox 172 716 432 753; x_wconf 83' lang='lat' dir='ltr'>subsistentia</span> <span class='ocrx_word' id='word_1_59' title='bbox 445 717 731 765; x_wconf 84' lang='lat' dir='ltr'>praemuniret.</span> <span class='ocrx_word' id='word_1_60' title='bbox 788 714 905 751; x_wconf 90' lang='lat' dir='ltr'>Hunc</span> <span class='ocrx_word' id='word_1_61' title='bbox 920 727 1015 765; x_wconf 88' lang='lat' dir='ltr'>ergo</span> <span class='ocrx_word' id='word_1_62' title='bbox 1030 714 1165 752; x_wconf 93' lang='lat' dir='ltr'>Deum</span> <span class='ocrx_word' id='word_1_63' title='bbox 1181 713 1358 759; x_wconf 83' lang='lat' dir='ltr'>Patrem,</span> 
     </span>
     <span class='ocr_line' id='line_1_11' title="bbox 174 772 1360 823; baseline -0.001 -12"><span class='ocrx_word' id='word_1_64' title='bbox 174 778 216 812; x_wconf 92' lang='lat' dir='ltr'>et</span> <span class='ocrx_word' id='word_1_65' title='bbox 241 773 399 819; x_wconf 91' lang='lat' dir='ltr'>Filium,</span> <span class='ocrx_word' id='word_1_66' title='bbox 426 778 468 811; x_wconf 89' lang='lat' dir='ltr'>et</span> <span class='ocrx_word' id='word_1_67' title='bbox 493 772 685 823; x_wconf 87' lang='lat' dir='ltr'>Spiritum</span> <span class='ocrx_word' id='word_1_68' title='bbox 711 777 908 817; x_wconf 85' lang='lat' dir='ltr'>sanctum,</span> <span class='ocrx_word' id='word_1_69' title='bbox 935 773 1043 823; x_wconf 89' lang='lat' dir='ltr'>quod</span> <span class='ocrx_word' id='word_1_70' title='bbox 1068 777 1131 811; x_wconf 89' lang='lat' dir='ltr'>est</span> <span class='ocrx_word' id='word_1_71' title='bbox 1155 773 1360 810; x_wconf 85' lang='lat' dir='ltr'>individua</span> 
     </span>
     <span class='ocr_line' id='line_1_12' title="bbox 172 830 1359 881; baseline -0.001 -12"><span class='ocrx_word' id='word_1_72' title='bbox 172 833 359 876; x_wconf 82' lang='lat' dir='ltr'>Trinitas,</span> <span class='ocrx_word' id='word_1_73' title='bbox 383 833 434 870; x_wconf 87' lang='lat' dir='ltr'>ab</span> <span class='ocrx_word' id='word_1_74' title='bbox 458 836 548 869; x_wconf 84' lang='lat' dir='ltr'>ortu</span> <span class='ocrx_word' id='word_1_75' title='bbox 572 831 663 869; x_wconf 90' lang='lat' dir='ltr'>solis</span> <span class='ocrx_word' id='word_1_76' title='bbox 688 844 815 881; x_wconf 88' lang='lat' dir='ltr'>usque</span> <span class='ocrx_word' id='word_1_77' title='bbox 840 831 892 868; x_wconf 88' lang='lat' dir='ltr'>ad</span> <span class='ocrx_word' id='word_1_78' title='bbox 915 844 1113 875; x_wconf 88' lang='lat' dir='ltr'>occasum,</span> <span class='ocrx_word' id='word_1_79' title='bbox 1137 830 1359 868; x_wconf 87' lang='lat' dir='ltr'>humanum</span> 
     </span>
     <span class='ocr_line' id='line_1_13' title="bbox 173 890 1358 942; baseline -0.002 -13"><span class='ocrx_word' id='word_1_80' title='bbox 173 904 313 942; x_wconf 85' lang='lat' dir='ltr'>genus,</span> <span class='ocrx_word' id='word_1_81' title='bbox 335 893 484 941; x_wconf 88' lang='lat' dir='ltr'>quippe</span> <span class='ocrx_word' id='word_1_82' title='bbox 507 895 552 927; x_wconf 92' lang='lat' dir='ltr'>ut</span> <span class='ocrx_word' id='word_1_83' title='bbox 573 894 796 928; x_wconf 87' lang='lat' dir='ltr'>creatorem</span> <span class='ocrx_word' id='word_1_84' title='bbox 818 892 996 927; x_wconf 90' lang='lat' dir='ltr'>omnium</span> <span class='ocrx_word' id='word_1_85' title='bbox 1019 894 1141 940; x_wconf 85' lang='lat' dir='ltr'>atque</span> <span class='ocrx_word' id='word_1_86' title='bbox 1163 890 1358 928; x_wconf 87' lang='lat' dir='ltr'>factorem</span> 
     </span>
     <span class='ocr_line' id='line_1_14' title="bbox 173 949 1358 994; baseline -0.002 -7"><span class='ocrx_word' id='word_1_87' title='bbox 173 964 302 994; x_wconf 89' lang='lat' dir='ltr'>suum,</span> <span class='ocrx_word' id='word_1_88' title='bbox 326 949 533 988; x_wconf 87' lang='lat' dir='ltr'>salutifera</span> <span class='ocrx_word' id='word_1_89' title='bbox 557 949 806 988; x_wconf 88' lang='lat' dir='ltr'>confessione</span> <span class='ocrx_word' id='word_1_90' title='bbox 831 949 911 988; x_wconf 88' lang='lat' dir='ltr'>fide</span> <span class='ocrx_word' id='word_1_91' title='bbox 935 953 1151 987; x_wconf 89' lang='lat' dir='ltr'>veneratur</span> <span class='ocrx_word' id='word_1_92' title='bbox 1176 953 1219 987; x_wconf 94' lang='lat' dir='ltr'>et</span> <span class='ocrx_word' id='word_1_93' title='bbox 1242 949 1358 994; x_wconf 92' lang='lat' dir='ltr'>colit;</span> 
     </span>
     <span class='ocr_line' id='line_1_15' title="bbox 173 1010 1359 1058; baseline -0.001 -11"><span class='ocrx_word' id='word_1_94' title='bbox 173 1011 235 1047; x_wconf 92' lang='lat' dir='ltr'>cui</span> <span class='ocrx_word' id='word_1_95' title='bbox 265 1011 388 1047; x_wconf 83' lang='lat' dir='ltr'>etiam</span> <span class='ocrx_word' id='word_1_96' title='bbox 418 1011 671 1046; x_wconf 83' lang='lat' dir='ltr'>summitates</span> <span class='ocrx_word' id='word_1_97' title='bbox 701 1010 857 1058; x_wconf 92' lang='lat' dir='ltr'>imperii</span> <span class='ocrx_word' id='word_1_98' title='bbox 886 1021 1102 1058; x_wconf 89' lang='lat' dir='ltr'>rerumque</span> <span class='ocrx_word' id='word_1_99' title='bbox 1131 1013 1359 1058; x_wconf 88' lang='lat' dir='ltr'>potestates</span> 
     </span>
     <span class='ocr_line' id='line_1_16' title="bbox 173 1066 1358 1117; baseline -0.002 -12"><span class='ocrx_word' id='word_1_100' title='bbox 173 1069 390 1106; x_wconf 84' lang='lat' dir='ltr'>submissae</span> <span class='ocrx_word' id='word_1_101' title='bbox 439 1071 547 1111; x_wconf 91' lang='lat' dir='ltr'>sunt,</span> <span class='ocrx_word' id='word_1_102' title='bbox 596 1069 690 1117; x_wconf 90' lang='lat' dir='ltr'>quia</span> <span class='ocrx_word' id='word_1_103' title='bbox 738 1069 822 1104; x_wconf 90' lang='lat' dir='ltr'>eius</span> <span class='ocrx_word' id='word_1_104' title='bbox 871 1066 1131 1116; x_wconf 86' lang='lat' dir='ltr'>dispositione</span> <span class='ocrx_word' id='word_1_105' title='bbox 1180 1068 1358 1104; x_wconf 90' lang='lat' dir='ltr'>omnium</span> 
     </span>
     <span class='ocr_line' id='line_1_17' title="bbox 172 1125 1358 1177; baseline -0.003 -13"><span class='ocrx_word' id='word_1_106' title='bbox 172 1125 366 1177; x_wconf 88' lang='lat' dir='ltr'>praelatio</span> <span class='ocrx_word' id='word_1_107' title='bbox 388 1139 604 1177; x_wconf 85' lang='lat' dir='ltr'>regnorum</span> <span class='ocrx_word' id='word_1_108' title='bbox 627 1125 872 1163; x_wconf 89' lang='lat' dir='ltr'>conceditur.</span> <span class='ocrx_word' id='word_1_109' title='bbox 926 1125 1022 1162; x_wconf 84' lang='lat' dir='ltr'>Eius</span> <span class='ocrx_word' id='word_1_110' title='bbox 1047 1139 1142 1176; x_wconf 86' lang='lat' dir='ltr'>ergo</span> <span class='ocrx_word' id='word_1_111' title='bbox 1165 1126 1358 1163; x_wconf 87' lang='lat' dir='ltr'>bonitatis</span> 
     </span>
     <span class='ocr_line' id='line_1_18' title="bbox 172 1183 1357 1222; baseline -0.003 0"><span class='ocrx_word' id='word_1_112' title='bbox 172 1184 440 1222; x_wconf 88' lang='lat' dir='ltr'>misericordia</span> <span class='ocrx_word' id='word_1_113' title='bbox 461 1186 539 1221; x_wconf 91' lang='lat' dir='ltr'>toti</span> <span class='ocrx_word' id='word_1_114' title='bbox 556 1184 572 1208; x_wconf 81' lang='lat'>2</span> <span class='ocrx_word' id='word_1_115' title='bbox 594 1188 803 1222; x_wconf 84' lang='lat' dir='ltr'>creaturae</span> <span class='ocrx_word' id='word_1_116' title='bbox 826 1196 923 1221; x_wconf 89' lang='lat' dir='ltr'>suae</span> <span class='ocrx_word' id='word_1_117' title='bbox 946 1183 1140 1221; x_wconf 87' lang='lat' dir='ltr'>dilatandi</span> <span class='ocrx_word' id='word_1_118' title='bbox 1164 1183 1327 1221; x_wconf 88' lang='lat' dir='ltr'>subsidii</span> <span class='ocrx_word' id='word_1_119' title='bbox 1342 1183 1357 1206; x_wconf 83' lang='lat'><strong>3</strong></span> 
     </span>
     <span class='ocr_line' id='line_1_19' title="bbox 174 1243 1358 1293; baseline -0.001 -13"><span class='ocrx_word' id='word_1_120' title='bbox 174 1245 298 1281; x_wconf 88' lang='lat' dir='ltr'>etiam</span> <span class='ocrx_word' id='word_1_121' title='bbox 314 1245 355 1280; x_wconf 91' lang='lat' dir='ltr'>in</span> <span class='ocrx_word' id='word_1_122' title='bbox 373 1245 635 1280; x_wconf 87' lang='lat' dir='ltr'>extremitate</span> <span class='ocrx_word' id='word_1_123' title='bbox 652 1247 786 1280; x_wconf 86' lang='lat' dir='ltr'>terrae</span> <span class='ocrx_word' id='word_1_124' title='bbox 803 1244 1024 1293; x_wconf 85' lang='lat' dir='ltr'>positarum</span> <span class='ocrx_word' id='word_1_125' title='bbox 1041 1244 1224 1293; x_wconf 86' lang='lat' dir='ltr'>gentium</span> <span class='ocrx_word' id='word_1_126' title='bbox 1240 1243 1358 1280; x_wconf 85' lang='lat' dir='ltr'>corda</span> 
     </span>
     <span class='ocr_line' id='line_1_20' title="bbox 172 1300 1357 1353; baseline 0 -15"><span class='ocrx_word' id='word_1_127' title='bbox 172 1301 330 1353; x_wconf 87' lang='lat' dir='ltr'>frigida,</span> <span class='ocrx_word' id='word_1_128' title='bbox 344 1304 471 1339; x_wconf 88' lang='lat' dir='ltr'>sancti</span> <span class='ocrx_word' id='word_1_129' title='bbox 486 1301 654 1351; x_wconf 87' lang='lat' dir='ltr'>Spiritus</span> <span class='ocrx_word' id='word_1_130' title='bbox 674 1300 829 1339; x_wconf 85' lang='lat' dir='ltr'>fervore</span> <span class='ocrx_word' id='word_1_131' title='bbox 843 1303 884 1338; x_wconf 92' lang='lat' dir='ltr'>in</span> <span class='ocrx_word' id='word_1_132' title='bbox 898 1303 958 1338; x_wconf 90' lang='lat' dir='ltr'>sui</span> <span class='ocrx_word' id='word_1_133' title='bbox 979 1314 1138 1351; x_wconf 89' lang='lat' dir='ltr'>quoque</span> <span class='ocrx_word' id='word_1_134' title='bbox 1154 1303 1357 1352; x_wconf 77' lang='lat' dir='ltr'>agnitione</span> 
     </span>
     <span class='ocr_line' id='line_1_21' title="bbox 173 1360 959 1411; baseline -0.001 -13"><span class='ocrx_word' id='word_1_135' title='bbox 173 1360 407 1399; x_wconf 86' lang='lat' dir='ltr'>mirabiliter</span> <span class='ocrx_word' id='word_1_136' title='bbox 430 1364 493 1398; x_wconf 87' lang='lat' dir='ltr'>est</span> <span class='ocrx_word' id='word_1_137' title='bbox 514 1360 681 1411; x_wconf 84' lang='lat' dir='ltr'>dignata</span> <span class='ocrx_word' id='word_1_138' title='bbox 704 1360 959 1398; x_wconf 86' lang='lat' dir='ltr'>succendere.</span> 
     </span>
    </p>

    <p class='ocr_par' dir='ltr' id='par_1_3' title="bbox 172 1417 1359 1941">
     <span class='ocr_line' id='line_1_22' title="bbox 223 1417 1359 1470; baseline 0 -13"><span class='ocrx_word' id='word_1_139' title='bbox 223 1419 245 1432; x_wconf 81' lang='lat'>‘¹</span> <span class='ocrx_word' id='word_1_140' title='bbox 264 1419 379 1466; x_wconf 84' lang='lat' dir='ltr'>Quae</span> <span class='ocrx_word' id='word_1_141' title='bbox 398 1421 505 1457; x_wconf 90' lang='lat' dir='ltr'>enim</span> <span class='ocrx_word' id='word_1_142' title='bbox 522 1421 563 1456; x_wconf 89' lang='lat' dir='ltr'>in</span> <span class='ocrx_word' id='word_1_143' title='bbox 580 1419 740 1470; x_wconf 86' lang='lat' dir='ltr'>gloriosi</span> <span class='ocrx_word' id='word_1_144' title='bbox 760 1418 827 1454; x_wconf 89' lang='lat' dir='ltr'>filii</span> <span class='ocrx_word' id='word_1_145' title='bbox 845 1420 971 1457; x_wconf 85' lang='lat' dir='ltr'>nostri</span> <span class='ocrx_word' id='word_1_146' title='bbox 990 1417 1221 1456; x_wconf 80' lang='lat' dir='ltr'>Audubaldi</span> <span class='ocrx_word' id='word_1_147' title='bbox 1240 1421 1359 1469; x_wconf 85' lang='lat' dir='ltr'>regis,</span> 
     </span>
     <span class='ocr_line' id='line_1_23' title="bbox 173 1476 1359 1529; baseline -0.003 -12"><span class='ocrx_word' id='word_1_148' title='bbox 173 1479 444 1529; x_wconf 88' lang='lat' dir='ltr'>gentibusque</span> <span class='ocrx_word' id='word_1_149' title='bbox 482 1480 518 1516; x_wconf 92' lang='lat' dir='ltr'>ei</span> <span class='ocrx_word' id='word_1_150' title='bbox 555 1476 803 1528; x_wconf 79' lang='lat' dir='ltr'>subpositis4</span> <span class='ocrx_word' id='word_1_151' title='bbox 835 1476 1117 1522; x_wconf 86' lang='lat' dir='ltr'>illustratione,</span> <span class='ocrx_word' id='word_1_152' title='bbox 1145 1476 1359 1515; x_wconf 86' lang='lat' dir='ltr'>clementia</span> 
     </span>
     <span class='ocr_line' id='line_1_24' title="bbox 174 1535 1359 1587; baseline -0.002 -13"><span class='ocrx_word' id='word_1_153' title='bbox 174 1537 454 1587; x_wconf 87' lang='lat' dir='ltr'>Redemptoris</span> <span class='ocrx_word' id='word_1_154' title='bbox 491 1536 615 1575; x_wconf 90' lang='lat' dir='ltr'>fuerit</span> <span class='ocrx_word' id='word_1_155' title='bbox 651 1541 832 1586; x_wconf 87' lang='lat' dir='ltr'>operata,</span> <span class='ocrx_word' id='word_1_156' title='bbox 869 1535 1026 1586; x_wconf 88' lang='lat' dir='ltr'>plenius</span> <span class='ocrx_word' id='word_1_157' title='bbox 1064 1549 1115 1574; x_wconf 87' lang='lat' dir='ltr'>ex</span> <span class='ocrx_word' id='word_1_158' title='bbox 1153 1538 1359 1573; x_wconf 85' lang='lat' dir='ltr'>vicinitate</span> 
     </span>
     <span class='ocr_line' id='line_1_25' title="bbox 172 1594 1357 1646; baseline 0 -15"><span class='ocrx_word' id='word_1_159' title='bbox 172 1594 349 1634; x_wconf 90' lang='lat' dir='ltr'>locorum</span> <span class='ocrx_word' id='word_1_160' title='bbox 401 1600 577 1634; x_wconf 85' lang='lat' dir='ltr'>vestram</span> <span class='ocrx_word' id='word_1_161' title='bbox 628 1594 796 1646; x_wconf 86' lang='lat' dir='ltr'>gloriam</span> <span class='ocrx_word' id='word_1_162' title='bbox 847 1596 1062 1632; x_wconf 89' lang='lat' dir='ltr'>conicimus</span> <span class='ocrx_word' id='word_1_163' title='bbox 1114 1596 1357 1645; x_wconf 87' lang='lat' dir='ltr'>cognovisse.</span> 
     </span>
     <span class='ocr_line' id='line_1_26' title="bbox 174 1653 1358 1706; baseline -0.003 -14"><span class='ocrx_word' id='word_1_164' title='bbox 174 1655 268 1694; x_wconf 88' lang='lat' dir='ltr'>Eius</span> <span class='ocrx_word' id='word_1_165' title='bbox 283 1668 378 1706; x_wconf 86' lang='lat' dir='ltr'>ergo</span> <span class='ocrx_word' id='word_1_166' title='bbox 392 1653 573 1692; x_wconf 88' lang='lat' dir='ltr'>mirabile</span> <span class='ocrx_word' id='word_1_167' title='bbox 588 1654 738 1691; x_wconf 90' lang='lat' dir='ltr'>donum</span> <span class='ocrx_word' id='word_1_168' title='bbox 752 1658 795 1692; x_wconf 88' lang='lat' dir='ltr'>et</span> <span class='ocrx_word' id='word_1_169' title='bbox 807 1655 848 1690; x_wconf 88' lang='lat' dir='ltr'>in</span> <span class='ocrx_word' id='word_1_170' title='bbox 862 1654 971 1691; x_wconf 86' lang='lat' dir='ltr'>vobis</span> <span class='ocrx_word' id='word_1_171' title='bbox 987 1658 1097 1691; x_wconf 87' lang='lat' dir='ltr'>certa</span> <span class='ocrx_word' id='word_1_172' title='bbox 1111 1666 1181 1703; x_wconf 93' lang='lat' dir='ltr'>spe</span> <span class='ocrx_word' id='word_1_173' title='bbox 1196 1653 1358 1692; x_wconf 84' lang='lat' dir='ltr'>caelesti</span> 
     </span>
     <span class='ocr_line' id='line_1_27' title="bbox 174 1711 1359 1765; baseline -0.001 -15"><span class='ocrx_word' id='word_1_174' title='bbox 174 1715 480 1765; x_wconf 82' lang='lat' dir='ltr'>longanimitate</span> <span class='ocrx_word' id='word_1_175' title='bbox 521 1712 692 1751; x_wconf 85' lang='lat' dir='ltr'>conferri</span> <span class='ocrx_word' id='word_1_176' title='bbox 733 1711 967 1750; x_wconf 87' lang='lat' dir='ltr'>confidimus</span> <span class='ocrx_word' id='word_1_177' title='bbox 980 1724 990 1756; x_wconf 91' lang='grc'><strong>;</strong></span> <span class='ocrx_word' id='word_1_178' title='bbox 1046 1725 1137 1749; x_wconf 90' lang='lat' dir='ltr'>cum</span> <span class='ocrx_word' id='word_1_179' title='bbox 1177 1711 1359 1761; x_wconf 87' lang='lat' dir='ltr'>profecto</span> 
     </span>
     <span class='ocr_line' id='line_1_28' title="bbox 173 1772 1358 1825; baseline -0.003 -15"><span class='ocrx_word' id='word_1_180' title='bbox 173 1773 385 1825; x_wconf 85' lang='lat' dir='ltr'>gloriosam</span> <span class='ocrx_word' id='word_1_181' title='bbox 419 1774 632 1823; x_wconf 84' lang='lat' dir='ltr'>coniugem</span> <span class='ocrx_word' id='word_1_182' title='bbox 666 1776 855 1816; x_wconf 89' lang='lat' dir='ltr'>vestram,</span> <span class='ocrx_word' id='word_1_183' title='bbox 891 1784 994 1821; x_wconf 87' lang='lat' dir='ltr'>quae</span> <span class='ocrx_word' id='word_1_184' title='bbox 1030 1772 1151 1809; x_wconf 87' lang='lat' dir='ltr'>vestri</span> <span class='ocrx_word' id='word_1_185' title='bbox 1187 1773 1358 1820; x_wconf 78' lang='lat' dir='ltr'>corporis</span> 
     </span>
     <span class='ocr_line' id='line_1_29' title="bbox 174 1831 1359 1882; baseline -0.003 -13"><span class='ocrx_word' id='word_1_186' title='bbox 174 1845 264 1882; x_wconf 89' lang='lat' dir='ltr'>pars</span> <span class='ocrx_word' id='word_1_187' title='bbox 289 1845 375 1870; x_wconf 91' lang='lat' dir='ltr'>esse</span> <span class='ocrx_word' id='word_1_188' title='bbox 400 1831 659 1882; x_wconf 84' lang='lat' dir='ltr'>dignoscitur,</span> <span class='ocrx_word' id='word_1_189' title='bbox 684 1833 938 1869; x_wconf 83' lang='lat' dir='ltr'>aeternitatis</span> <span class='ocrx_word' id='word_1_190' title='bbox 962 1831 1140 1880; x_wconf 87' lang='lat' dir='ltr'>praemio</span> <span class='ocrx_word' id='word_1_191' title='bbox 1164 1842 1236 1879; x_wconf 92' lang='lat' dir='ltr'>per</span> <span class='ocrx_word' id='word_1_192' title='bbox 1260 1833 1359 1867; x_wconf 88' lang='lat' dir='ltr'>sacri</span> 
     </span>
     <span class='ocr_line' id='line_1_30' title="bbox 176 1888 1357 1941; baseline -0.001 -14"><span class='ocrx_word' id='word_1_193' title='bbox 176 1892 427 1940; x_wconf 87' lang='lat' dir='ltr'>baptismatis</span> <span class='ocrx_word' id='word_1_194' title='bbox 450 1891 800 1941; x_wconf 84' lang='lat' dir='ltr'>regenerationem</span> <span class='ocrx_word' id='word_1_195' title='bbox 823 1888 1088 1926; x_wconf 86' lang='lat' dir='ltr'>illuminatam</span> <span class='ocrx_word' id='word_1_196' title='bbox 1113 1890 1357 1938; x_wconf 79' lang='lat' dir='ltr'>agnovimus.</span> 
     </span>
    </p>
   </div>
   <div class='ocr_carea' id='block_1_3' title="bbox 262 1973 1304 2058">
    <p class='ocr_par' dir='ltr' id='par_1_4' title="bbox 262 1973 1304 2058">
     <span class='ocr_line' id='line_1_31' title="bbox 263 1973 1158 2008; baseline -0.003 -1"><span class='ocrx_word' id='word_1_197' title='bbox 263 1976 277 1996; x_wconf 79' lang='lat'>²</span> <span class='ocrx_word' id='word_1_198' title='bbox 298 1976 352 2007; x_wconf 76' lang='lat' dir='ltr'>for</span> <span class='ocrx_word' id='word_1_199' title='bbox 366 1975 555 2008; x_wconf 62' lang='lat' dir='ltr'>&amp;absisteret</span> <span class='ocrx_word' id='word_1_200' title='bbox 568 1975 621 2008; x_wconf 92' lang='lat' dir='ltr'>Pl.</span> <span class='ocrx_word' id='word_1_201' title='bbox 842 1974 856 1993; x_wconf 77' lang='lat'><strong>²</strong></span> <span class='ocrx_word' id='word_1_202' title='bbox 876 1974 930 2006; x_wconf 81' lang='lat' dir='ltr'>for</span> <span class='ocrx_word' id='word_1_203' title='bbox 946 1973 1046 2005; x_wconf 74' lang='lat' dir='ltr'>totius</span> <span class='ocrx_word' id='word_1_204' title='bbox 1061 1973 1158 2005; x_wconf 86' lang='lat' dir='ltr'><strong>MSS.</strong></span> 
     </span>
     <span class='ocr_line' id='line_1_32' title="bbox 262 2016 1304 2058; baseline -0.001 -9"><span class='ocrx_word' id='word_1_205' title='bbox 262 2019 275 2038; x_wconf 82' lang='lat'><strong>³</strong></span> <span class='ocrx_word' id='word_1_206' title='bbox 298 2019 352 2049; x_wconf 77' lang='lat' dir='ltr'>for</span> <span class='ocrx_word' id='word_1_207' title='bbox 367 2017 465 2050; x_wconf 78' lang='lat' dir='ltr'>subdi</span> <span class='ocrx_word' id='word_1_208' title='bbox 479 2017 575 2050; x_wconf 89' lang='lat' dir='ltr'>MSS.</span> <span class='ocrx_word' id='word_1_209' title='bbox 709 2017 724 2037; x_wconf 75' lang='lat'><strong>⁴</strong></span> <span class='ocrx_word' id='word_1_210' title='bbox 746 2017 818 2049; x_wconf 84' lang='lat' dir='ltr'>The</span> <span class='ocrx_word' id='word_1_211' title='bbox 833 2027 930 2050; x_wconf 78' lang='lat' dir='ltr'>sense</span> <span class='ocrx_word' id='word_1_212' title='bbox 944 2017 1095 2058; x_wconf 80' lang='lat' dir='ltr'>requires</span> <span class='ocrx_word' id='word_1_213' title='bbox 1108 2026 1130 2048; x_wconf 77' lang='lat' dir='ltr'>a</span> <span class='ocrx_word' id='word_1_214' title='bbox 1143 2016 1304 2058; x_wconf 77' lang='lat' dir='ltr'>genitive.</span> 
     </span>
    </p>
   </div>
   <div class='ocr_carea' id='block_1_4' title="bbox 177 2065 247 2111">
    <p class='ocr_par' dir='ltr' id='par_1_5' title="bbox 177 2065 247 2111">
     <span class='ocr_line' id='line_1_33' title="bbox 177 2065 247 2111; baseline 0 -12"><span class='ocrx_word' id='word_1_215' title='bbox 177 2065 247 2111; x_wconf 82' lang='lat'>256</span> 
     </span>
    </p>
   </div>
  </div>
 </body>
</html>
