1473 2322
442 132 554 170 THE
592 131 922 170 VENERABLE
958 131 1106 170 BEDE

181 238 404 274 conversari
431 236 652 274 debuisset.
707 235 800 273 Mos
827 241 966 274 autem
991 236 1097 274 sedis
1125 235 1367 286 apostolicae

181 306 257 345 est,
276 300 469 338 ordinatis
489 302 684 350 episcopis
703 306 924 351 praecepta
941 301 1117 345 tradere,
1136 306 1183 338 ut
1200 302 1241 337 in
1260 302 1368 337 omni

181 364 383 414 stipendio
414 365 523 414 quod
553 365 723 410 accedit,
753 370 927 415 quatuor
956 365 1136 403 debeant
1164 363 1250 402 fieri
1279 376 1370 414 por-

181 430 335 472 tiones;
379 441 460 465 una
489 428 679 466 videlicet
708 431 895 479 episcopo
925 434 969 467 et
997 427 1174 467 familiae
1203 433 1370 479 propter

180 492 514 542 hospitalitatem,
563 498 687 544 atque
734 495 1055 543 susceptionem3
1117 492 1195 530 alia
1240 492 1370 537 clero;

180 559 303 594 tertia
323 558 591 607 pauperibus;
626 563 772 608 quarta
793 557 969 596 ecclesiis
988 557 1236 607 reparandis.
1287 555 1369 595 Sed

181 623 275 671 quia
296 626 368 658 tua
389 620 622 659 fraternitas
644 624 878 660 monasterii
899 621 1047 672 regulis
1069 621 1242 665 erudita,
1263 634 1369 659 seor-

181 698 270 722 sum
291 685 376 723 fieri
396 699 476 722 non
496 686 622 723 debet
642 699 666 723 a
685 686 836 724 clericis
856 689 951 731 suis,
969 688 1011 723 in
1031 685 1199 724 ecclesia
1218 685 1370 736 Anglo-

180 762 283 794 rum,
326 763 430 800 quae
473 756 637 788 auctore
679 750 770 788 Deo
811 764 941 800 nuper
981 749 1112 787 adhuc
1153 750 1206 788 ad
1246 749 1368 788 fidem

179 813 356 850 adducta
383 819 459 858 est,
485 813 589 852 hanc
616 814 742 852 debet
767 817 1114 852 conversationem
1139 816 1368 859 instituere,

180 891 285 928 quae
309 880 424 915 initio
449 881 650 916 nascentis
675 878 868 917 ecclesiae
892 878 970 916 fuit
993 879 1176 929 patribus
1200 881 1367 922 nostris3

179 944 220 978 in
255 943 400 992 quibus
434 942 565 980 nullus
601 956 740 981 eorum
775 957 825 981 ex
859 943 919 980 his
954 956 1058 994 quae
1092 943 1367 993 possidebant,

181 1005 333 1056 aliquid
372 1019 488 1044 suum
529 1020 616 1046 esse
656 1008 833 1051 dicebat,
871 1008 944 1046 sed
983 1013 1100 1046 erant
1138 1009 1194 1045 eis
1233 1009 1367 1045 omnia

179 1074 419 1109 communia.

230 1134 312 1172 “Si
351 1138 419 1186 qui
457 1150 550 1174 vero
587 1143 683 1174 sunt
719 1137 850 1175 clerici
887 1143 1004 1175 extra
1039 1150 1170 1174 sacros
1207 1137 1365 1174 ordines

179 1202 404 1245 constituti,
420 1203 488 1251 qui
503 1213 547 1239 se
562 1203 770 1240 continere
785 1215 865 1239 non
880 1207 1062 1252 possunt,
1077 1203 1207 1239 sortiri
1223 1212 1366 1237 uxores

179 1264 346 1309 debent,
381 1270 425 1302 et
457 1265 661 1315 stipendia
694 1279 766 1303 sua
800 1268 978 1304 exterius
1012 1268 1207 1316 accipere.
1260 1264 1365 1312 Quia

179 1334 222 1365 et
256 1329 306 1366 de
340 1327 496 1366 hisdem
530 1330 712 1379 patribus
746 1331 797 1368 de
831 1331 976 1381 quibus
1007 1328 1183 1380 praefati
1213 1342 1365 1374 sumus,

178 1395 360 1430 novimus
389 1396 598 1443 scriptum,
628 1394 737 1445 quod
765 1395 1022 1432 dividebatur
1050 1393 1216 1445 singulis
1244 1398 1366 1443 prout

178 1459 323 1507 cuique
367 1470 466 1507 opus
511 1464 612 1496 erat.
666 1458 731 1497 De
775 1472 915 1497 eorum
957 1472 1119 1509 quoque
1161 1458 1364 1508 stipendio

177 1521 439 1572 cogitandum
465 1528 589 1573 atque
615 1523 908 1572 providendum
935 1529 1011 1568 est,
1037 1528 1081 1561 et
1105 1523 1180 1560 sub
1205 1521 1365 1561 ecclesi-

178 1588 303 1622 astica
327 1586 467 1636 regula
491 1592 587 1624 sunt
611 1587 793 1632 tenendi,
817 1593 865 1625 ut
887 1588 1002 1626 bonis
1026 1588 1203 1625 moribus
1227 1589 1364 1624 vivant

179 1656 221 1688 et
239 1651 430 1688 canendis
448 1651 610 1701 psalmis
627 1651 853 1702 invigilent.
872 1657 915 1690 et
932 1652 984 1689 ab
1002 1652 1187 1689 omnibus
1202 1651 1363 1688 inlicitis

178 1719 220 1751 et
239 1728 306 1751 eor
327 1720 370 1752 et
388 1715 568 1766 linguam
590 1722 633 1753 et
652 1729 794 1766 corpus
815 1716 905 1754 Deo
926 1721 1090 1754 auctore
1109 1721 1360 1754 conservent.

178 1777 391 1816 Communi
423 1784 562 1817 autem
594 1782 678 1818 vita
709 1781 937 1818 viventibus
968 1782 1049 1818 iam
1082 1781 1133 1818 de
1168 1779 1361 1818 faciendis

175 1843 441 1892 portionibus,
473 1843 537 1882 vel
570 1843 801 1882 exhibenda
833 1844 1126 1894 hospitalitate,
1159 1849 1203 1883 et
1236 1844 1361 1882 adim-

175 1906 324 1957 plenda
360 1908 646 1954 misericordia,
683 1909 797 1946 nobis
835 1909 933 1960 quid
971 1911 1048 1947 erit
1083 1908 1358 1958 loquendum?

657 2019 670 2039 1
696 2018 777 2049 Acts
796 2020 826 2050 4.
846 2019 900 2050 35.

182 2062 250 2097 118
