1473 2322
426 112 537 149 THE
575 110 905 149 VENERABLE
940 110 1088 148 BEDE

608 250 725 288 CAP.
763 250 878 288 XXX

169 338 217 375 Ut
238 337 444 375 Orientales
462 337 628 374 Saxones
646 342 804 387 tempore
823 336 1056 375 mortalitatis
1075 337 1125 374 ad
1142 337 1352 374 idolatriam

264 401 412 446 reversi,
436 400 500 438 sed
518 414 587 452 per
608 400 822 438 instantiam
847 400 1064 438 Iarumanm·
1088 400 1249 452 episcopi
1270 412 1354 438 moct-

264 465 337 503 εἰπέ
356 464 401 502 ab
419 477 540 502 errore
558 464 717 502 correcti.

215 552 361 589 Eomm
388 557 571 601 tempore
598 554 826 602 provinciae
855 551 1124 589 Orientalium
1150 551 1353 589 Saxonum

163 622 256 666 post
281 615 573 661 Suidhelmum‚
599 616 650 653 de
677 628 756 666 quo
783 628 903 665 supra
929 615 1116 661 diximus,
1141 614 1354 666 praefuere

164 693 280 731 reges
302 678 458 731 Sigheri
480 686 523 717 et
544 679 681 724 Sebbi,
703 682 884 730 quamvis
905 682 979 730 ipsi
1001 682 1087 730 regi
1110 679 1355 717 Merciorum

163 743 383 781 Vulfherae
417 744 601 782 subiecti.
657 743 772 790 Quae
807 743 995 781 videlicet
1027 746 1231 794 provincia
1263 757 1355 782 cum

165 807 374 859 praefatae
421 808 680 846 mortalitatis
726 808 840 845 clade
885 814 1153 858 premeretur,
1199 807 1354 859 Sigheri

166 885 256 909 cum
302 885 374 909 sua
416 877 533 922 parte
577 871 729 922 populi,
773 871 921 909 relictis
965 871 1217 909 Christianae
1262 872 1353 910 fidei

166 939 441 981 sacramentis,
468 937 519 974 ad
545 938 788 986 apostasiam
814 949 1026 974 conversus
1053 942 1127 974 est..
1183 936 1287 974 Nam
1313 943 1356 974 et

166 1005 251 1051 ipse
276 1013 362 1046 rex,
388 1007 430 1038 et
453 1001 614 1051 plurimi
638 1000 689 1038 de
714 1000 834 1051 plebe
859 1003 942 1038 sive
967 1001 1246 1051 optimatibus,
1270 1000 1356 1039 dili-

165 1071 310 1117 gentes
334 1064 437 1103 hanc
459 1068 598 1110 vitam,
622 1071 665 1103 et
687 1064 866 1103 futuram
889 1078 969 1102 non
992 1070 1250 1116 quaerentes,
1272 1067 1356 1103 sive

168 1133 292 1167 etiam
334 1142 413 1166 non
457 1143 543 1167 esse
585 1130 812 1175 credentes,
853 1134 1075 1180 coeperunt
1116 1128 1211 1167 fana
1251 1142 1355 1180 quae

166 1194 359 1232 derelicta
395 1200 524 1239 erant,
559 1200 785 1232 restaurare
832 1200 876 1232 et
921 1194 1087 1232 adorare
1133 1194 1355 1240 simulacra,

167 1261 279 1309 quasi
297 1272 371 1309 per
388 1258 488 1296 haec
505 1264 672 1309 possent
689 1272 713 1296 a
735 1259 985 1296 mortalitate
1003 1257 1179 1296 defendi.
1235 1257 1356 1296 Porro

167 1326 294 1361 socius
321 1326 419 1368 eius,
445 1329 488 1361 et
511 1323 676 1361 coheres
701 1326 815 1375 regni
841 1323 1022 1361 eiusdem
1047 1322 1183 1368 Sebbi,
1208 1335 1356 1374 magna

168 1388 289 1426 fidem
302 1393 539 1438 perceptam
553 1401 645 1425 cum
652 1390 732 1425 suis
746 1388 930 1425 omnibus
943 1387 1157 1425 devotione
1170 1390 1356 1433 servavit,

167 1466 329 1503 magna,
363 1458 409 1490 ut
440 1455 482 1489 in
513 1453 777 1502 sequentibus
810 1452 1003 1497 dicemus,
1037 1454 1162 1489 vitam
1195 1451 1355 1490 fidelem

168 1517 363 1555 felicitate
394 1516 621 1567 complevit.
688 1516 807 1563 Quod
836 1517 905 1554 ubi
935 1529 1007 1553 rex
1037 1515 1222 1554 Vulfheri
1251 1528 1356 1553 com-

168 1584 288 1632 perit,
305 1581 426 1618 fidem
442 1581 629 1619 videlicet
644 1583 871 1631 provinciae
888 1593 938 1618 ex
954 1586 1071 1631 parte
1087 1579 1356 1631 profanatam,

168 1648 275 1683 misit
307 1646 359 1683 ad
390 1645 670 1697 corrigendum
703 1658 892 1690 errorem,
923 1645 1273 1696 revocandamque
1305 1645 1356 1682 ad

169 1710 289 1748 fidem
318 1712 498 1747 veritatis
525 1712 769 1760 provinciam
798 1709 986 1747 Iaruman
1014 1712 1260 1760 episcopum,
1287 1712 1355 1760 qui

168 1788 369 1813 successor
393 1780 481 1812 erat
503 1774 736 1812 Trumheri:
774 1776 842 1825 qui
865 1774 993 1812 multa
1018 1786 1142 1825 agens
1165 1773 1355 1818 sollertia,

167 1845 282 1878 iuxta
305 1839 412 1890 quod
433 1838 530 1876 mihi
553 1839 767 1890 presbyter
796 1841 863 1889 qui
893 1851 1026 1876 comes
1055 1840 1208 1875 itineris
1236 1838 1290 1875 illi
1314 1844 1356 1876 et

169 1911 405 1955 cooperator
448 1905 558 1941 verbi
602 1906 811 1949 extiterat,
855 1903 1072 1948 referebat,
1117 1908 1205 1940 erat
1249 1905 1355 1940 enim

168 1969 376 2021 religiosus
405 1974 448 2006 et
475 1969 602 2006 bonus
630 1971 701 2013 vir,
729 1968 848 2020 longe
875 1968 1040 2019 lateque
1062 1969 1195 2004 omnia
1216 1979 1355 2017 perva-

168 2048 237 2086 50²
