1473 2322
455 162 568 201 THE
602 162 934 202 VENERABLE
969 162 1117 202 BEDE

194 271 469 310 nascerentur,
503 266 571 302 ubi
605 268 713 316 prius
749 265 812 304 vel
844 266 1001 304 bestiae
1034 270 1284 314 commorari,
1317 267 1380 306 ve]

194 324 375 362 homines
400 324 625 363 bestialiter
649 327 781 363 vivere
806 331 1110 364 consueverant.

245 383 420 422 Studens
451 390 591 422 autem
621 387 679 421 vir
710 385 873 422 Domini
905 391 1118 435 acceptum
1147 388 1380 425 monasterii

195 444 325 481 locum
358 447 486 494 primo
520 445 706 494 precibus
740 458 786 482 ac
819 447 976 482 ieiuniis
1011 458 1035 482 a
1068 447 1237 495 pristina
1270 445 1382 496 flagi-

194 506 341 541 tiorum
363 504 479 542 sorde
500 517 688 554 purgare,
711 510 753 542 et
774 506 829 541 sic
849 507 891 541 in
913 518 961 542 eo
982 507 1216 543 monasterii
1238 504 1381 543 funda-

192 569 333 602 menta
347 566 492 608 iacere,
508 563 727 613 postulavit
743 577 766 600 a
781 577 892 614 rege,
908 570 954 601 ut
970 564 1044 601 sibi
1060 570 1194 601 totum
1210 565 1379 615 quadra-

187 625 372 673 gesimae
395 628 557 673 tempus
580 623 689 673 quod
712 623 905 667 instabat,
927 622 1166 661 facultatem
1190 637 1236 661 ac
1258 623 1381 663 lieen-

193 685 293 719 tiam
320 676 472 720 ibidem
499 684 688 719 orationis
716 695 837 719 causa
864 682 1099 720 demorandi
1127 683 1379 722 concederet.

193 741 349 788 Quibus
375 742 517 779 diebus
542 744 711 786 eunetis,
738 747 911 791 excepta
935 741 1163 787 Dominica,
1187 744 1381 781 ieiunium

194 801 246 839 ad
268 814 478 851 vesperam
500 814 628 851 usque
651 803 766 837 iuxta
788 814 942 838 morem
965 800 1186 850 protelans,
1208 815 1260 840 ne
1283 808 1382 840 tune

193 861 356 911 quidem
378 863 451 897 nisi
473 863 586 910 panis
608 860 897 910 permodicum,
919 865 962 897 et
983 873 1108 897 unum
1129 874 1248 898 ovum
1269 861 1380 911 galli-

192 934 363 958 naceum
396 933 487 957 cum
521 933 643 970 parvo
676 918 782 957 lacte
817 932 923 970 aqua
954 922 1083 957 mixto
1117 921 1379 970 percipiebat.

191 979 368 1017 Dicebat
403 982 510 1017 enim
543 978 647 1016 hanc
682 992 768 1016 esse
803 979 1137 1017 consuetudinem
1172 994 1324 1026 eorum,
1358 994 1381 1018 a

193 1041 336 1091 quibus
373 1052 554 1076 normam
591 1038 824 1088 disciplinae
859 1038 1052 1088 regularis
1089 1039 1299 1085 didicerat,
1334 1046 1381 1078 ut

193 1105 359 1150 accepta
389 1113 517 1149 nuper
544 1098 632 1136 loca
661 1099 713 1136 ad
740 1097 970 1136 faciendum
998 1101 1288 1136 monasterium
1318 1099 1380 1137 vel

193 1159 415 1204 ecclesiam,
439 1161 546 1208 prius
570 1159 817 1195 orationibus
841 1171 886 1195 ae
910 1160 1066 1196 ieiuniis
1089 1157 1266 1196 Domino
1289 1172 1380 1196 con-

192 1225 362 1258 secrent.
418 1218 600 1268 Cumque
619 1218 761 1255 decem
779 1218 864 1255 dies
883 1217 1217 1268 quadragesimae
1235 1224 1380 1256 restar-

192 1285 276 1324 ent,
299 1281 410 1316 venit
432 1280 501 1328 qui
522 1277 716 1315 clamaret
739 1290 832 1315 eum
861 1277 913 1315 ad
940 1290 1092 1327 regem.
1146 1278 1204 1315 At
1225 1278 1306 1323 ille,
1327 1292 1379 1317 ne

191 1352 290 1390 opus
323 1337 553 1388 religiosum
587 1339 842 1387 negotiorum
874 1337 1072 1387 regalium
1105 1350 1225 1374 causa
1256 1340 1380 1377 inter-

190 1401 437 1442 mitteretur,
457 1399 576 1447 petiit
595 1397 878 1448 presbyterum
898 1410 1014 1434 suum
1034 1396 1292 1447 Cynibillum,
1311 1400 1378 1448 qui

192 1460 316 1497 etiam
341 1457 468 1495 frater
492 1470 708 1507 germanus
736 1462 824 1495 erat
849 1459 986 1507 ipsius,
1011 1459 1077 1506 pia
1103 1463 1249 1507 coepta
1273 1471 1379 1495 com-

190 1517 314 1569 plere.
369 1516 443 1554 Cui
472 1530 563 1554 cum
591 1516 658 1555 ille
686 1516 862 1554 libenter
891 1517 1184 1566 adquiesceret,
1215 1516 1378 1567 expleto

190 1578 323 1616 studio
343 1579 581 1615 ieiuniorum
601 1582 644 1615 et
663 1578 867 1621 orationis,
886 1575 983 1614 fecit
1002 1577 1056 1613 ibi
1075 1579 1377 1622 monasterium,

191 1638 299 1689 quod
315 1650 420 1674 nunc
437 1636 710 1686 Laestingaeu
726 1641 904 1681 vocatur,
921 1642 963 1674 et
979 1635 1172 1686 religiosis
1188 1638 1378 1683 moribus,

190 1701 305 1736 iuxta
347 1700 447 1734 ritus
493 1695 879 1734 Lindisfarnensium
923 1696 992 1733 ubi
1035 1696 1230 1734 educatus
1275 1703 1376 1742 erat,

190 1759 378 1795 instituit.

240 1816 318 1864 Qui
338 1829 429 1853 cum
448 1817 560 1852 annis
578 1814 716 1852 multis
734 1819 778 1852 et
793 1816 834 1851 in
851 1814 1038 1864 praefata
1054 1817 1257 1864 provincia
1275 1818 1376 1865 epis-

190 1882 379 1927 copatum
406 1875 719 1919 administraret,
746 1879 788 1912 et
814 1873 930 1911 huius
957 1887 1118 1924 quoque
1143 1877 1375 1913 monasterii

513 1988 524 2006 '²
548 1987 619 2018 The
635 1986 758 2018 monks
774 1986 809 2017 of
825 1986 1051 2019 Lindisfame.

509 2030 521 2048 ²
543 2029 768 2071 Lastingham
783 2039 866 2061 near
881 2029 1036 2071 Whjtby.
