1473 2322
421 152 532 189 THE
569 146 899 189 VENERABLE
934 151 1082 190 BEDE

158 257 311 293 tissime
332 255 399 299 fili,
418 259 591 305 paterna
609 268 677 293 vos
696 257 867 294 caritate
887 268 967 306 qua
985 257 1185 299 convenit,
1206 255 1346 293 exhor-

159 321 305 360 tamur,
329 320 375 353 ut
395 315 471 353 hoc
494 316 603 366 quod
623 329 692 353 vos
714 316 849 354 divina
869 316 1139 354 misericordia
1161 316 1212 354 ad
1233 329 1345 353 suam

159 379 332 428 gratiam
364 390 505 414 vocare
538 377 706 428 dignata
738 381 815 422 est,
847 376 1016 415 sollicita
1046 379 1271 415 intentione
1305 381 1348 415 et

161 439 335 476 adsiduis
375 438 621 476 orationibus
660 451 819 477 servare
858 438 1086 476 omnimodo
1124 437 1346 482 festinetis3

161 505 206 537 ut
228 501 296 550 qui
318 512 387 537 vos
408 501 450 536 in
470 502 676 549 praesenti
697 499 856 538 saeculo
879 513 930 538 ex
951 501 1060 537 omni
1081 513 1213 538 errore
1235 500 1344 537 abso-

160 564 265 601 lutos
297 563 348 601 ad
379 565 628 615 agnitionem
657 566 718 601 sui
748 566 918 601 nominis
949 568 1013 602 est
1041 563 1230 614 dignatus
1259 576 1344 614 per·

161 626 321 669 ducere,
357 629 401 663 et
434 624 619 663 caelestis
654 628 810 675 patriae
845 626 955 663 vobis
989 630 1206 675 praeparet
1237 638 1349 662 man-

161 689 325 725 sionem.
382 685 673 724 Praedicatoris
723 689 847 737 igitur
897 689 1020 725 vestri
1070 687 1220 724 domini
1268 688 1349 724 mei

162 747 405 799 apostolicae
439 750 657 786 memoriae
693 748 876 799 Gregorii
909 748 1145 798 frequenter
1176 748 1350 786 lectione

162 811 359 860 occupati,
379 823 476 859 prae
496 808 619 846 oculis
640 808 829 847 affectum
849 810 1054 847 doctrinae
1073 811 1209 859 ipsius,
1229 822 1349 859 quem

162 885 233 921 pro
269 872 410 909 vestris
448 871 656 908 animabus
691 869 867 909 libenter
904 873 1097 915 exercuit,
1132 871 1350 908 habetote:

163 937 363 984 quatenus
381 934 465 970 eius
482 934 624 977 oratio,
641 937 684 970 et
698 946 869 983 regnum
885 937 1063 970 vestrum
1078 932 1350 983 populumque

164 998 327 1046 augeat,
363 998 407 1032 et
441 1006 509 1031 vos
545 995 815 1044 omnipotenti
849 994 941 1032 Deo
975 993 1350 1044 inreprehensibiles

164 1059 455 1107 repraesentet.
511 1055 572 1092 Ea
610 1069 703 1093 vero
743 1068 847 1106 quae
887 1069 909 1093 a
948 1056 1062 1093 nobis
1100 1069 1171 1106 pro
1210 1057 1351 1094 vestris
1381 1101 1392 1112 ·

164 1117 438 1156 sacerdotibus
483 1117 705 1154 ordinanda
750 1119 953 1167 sperastis,
998 1116 1098 1155 haec
1142 1130 1214 1167 pro
1259 1116 1351 1154 fidei

164 1183 322 1217 vestrae
349 1180 595 1223 sinceritate,
623 1192 728 1229 quae
754 1179 868 1216 nobis
893 1178 1132 1216 multimoda
1157 1178 1351 1216 relatione

165 1254 236 1291 per
254 1242 530 1290 praesentium
548 1242 764 1290 portitores
782 1240 1039 1278 laudabiliter
1057 1242 1258 1277 insinuata
1277 1244 1352 1284 est,

165 1304 342 1352 gratuito
373 1303 505 1338 animo
536 1301 766 1339 adtribuere
796 1301 878 1338 ulla
905 1303 990 1339 sine
1019 1301 1210 1339 dilatione
1239 1314 1352 1351 prae-

166 1363 368 1406 videmus;
422 1367 466 1400 et
503 1362 583 1400 duo
620 1362 742 1413 pallia
779 1367 1041 1413 utrorumque
1079 1362 1353 1413 metropolita-

166 1438 321 1469 norum,
339 1424 382 1462 id
401 1428 477 1467 est,
497 1423 674 1461 Honorio
695 1429 738 1462 et
757 1423 923 1462 Paulino
942 1424 1173 1469 direximus,
1192 1428 1238 1461 ut
1257 1424 1353 1462 dum

167 1488 254 1537 quis
278 1499 416 1524 eorum
440 1485 489 1522 de
513 1484 588 1522 hoc
610 1485 768 1523 saeculo
792 1486 844 1523 ad
866 1490 1072 1523 auctorem
1094 1499 1211 1523 suum
1232 1485 1354 1524 fuerit

167 1549 392 1591 arcessitus,
407 1549 448 1583 in
461 1546 548 1583 loco
562 1548 685 1596 ipsius
701 1546 803 1584 alter
819 1549 1051 1597 episcopum
1065 1560 1115 1585 ex
1130 1546 1204 1584 hac
1218 1551 1355 1584 nostra

168 1610 410 1646 auctoritate
447 1607 598 1646 debeat
631 1609 862 1659 subrogare.
918 1608 1037 1655 Quod
1072 1609 1235 1658 quidem
1269 1612 1353 1645 tam

168 1683 238 1720 pro
275 1673 434 1707 vestrae
471 1670 648 1706 caritatis
687 1668 847 1714 affectu,
885 1682 1006 1719 quam
1042 1683 1113 1720 pro
1149 1673 1353 1707 tantarum

168 1732 459 1782 provinciarum
499 1732 638 1780 spatiis
679 1744 783 1780 quae
822 1732 928 1768 inter
967 1744 1038 1768 nos
1079 1735 1122 1769 et
1160 1744 1227 1767 vos
1268 1743 1354 1769 esse

168 1796 399 1836 noscuntur,
426 1805 562 1829 sumus
588 1793 748 1828 invitati
773 1792 1008 1836 concedere,
1035 1797 1081 1829 ut
1104 1794 1146 1829 in
1172 1793 1355 1830 omnibus

170 1855 372 1893 devotioni
390 1857 549 1891 vestrae
566 1858 748 1890 nostrum
765 1866 1013 1897 concursum,
1033 1858 1075 1890 et
1091 1855 1205 1889 iuxta
1222 1857 1355 1891 vestra

170 1915 369 1953 desideria
391 1915 689 1964 praeberemus.

221 1976 242 1989 “
263 1975 511 2014 Incolumem
534 1975 815 2014 excellentiam
837 1980 1011 2014 vestram
1032 1978 1161 2027 gratia
1183 1989 1354 2026 superna

170 2036 412 2076 custodiat.”

171 2117 241 2152 30²
