1473 2322
382 140 494 177 THE
530 139 860 178 VENERABLE
895 140 1043 178 BEDE

122 256 225 287 mur,
250 245 364 280 iuxta
390 256 543 280 morem
569 248 733 281 sanctae
760 244 966 282 Romanae
993 248 1036 282 et
1061 244 1306 294 apostolicae

123 296 315 334 ecclesiae
366 295 625 346 compleati83
690 302 738 334 ut
787 300 902 348 genti
953 297 1177 348 Anglorum
1228 310 1309 334 una

122 351 329 387 nobiscum
354 350 523 387 verbum
549 350 711 387 Domini
737 351 1001 399 praediceti33
1040 356 1178 389 cetera
1202 364 1307 401 quae

122 405 256 453 agitis,
285 405 467 452 quamvis
495 404 672 441 moribus
701 406 846 442 nostris
874 406 1088 448 contraria,
1118 406 1309 454 aequani-

122 459 243 493 miter
276 461 423 492 cuncta
457 455 762 495 tolerabimus.'’
815 458 873 494 At
908 457 963 493 illi
999 457 1052 493 nil
1089 457 1230 494 horum
1265 470 1308 495 se

122 509 312 553 facturos,
344 523 477 559 neque
509 509 622 546 illum
653 523 725 559 pro
768 510 1067 560 archiepiscopo
1099 510 1307 548 habituros

123 576 210 601 esse
244 563 568 612 respondebant3
616 563 872 602 conferentes
908 565 960 601 ad
993 566 1179 608 invicem,
1214 566 1310 614 quia

123 615 145 629 “
164 619 196 654 si
216 616 336 653 modo
357 617 470 654 nobis
491 617 710 667 adsurgere
731 617 874 661 noluit,
894 622 1048 667 quanto
1067 620 1196 668 magis
1217 619 1248 655 si
1271 619 1308 655 ei

121 669 238 707 subdi
259 672 524 719 coeperimus,
543 672 625 707 iam
646 684 717 708 nos
738 683 810 720 pro
832 670 954 707 nihilo
976 669 1256 708 contemnet.”

174 722 330 769 Quibus
367 725 426 760 vir
463 723 626 760 Domini
664 725 916 774 Augustinus
954 724 1083 762 fertur
1119 726 1311 761 minitans

122 777 387 826 praedixisse,
421 779 514 826 quia
548 779 579 814 si
614 790 755 826 pacem
784 791 875 814 cum
903 776 1095 815 fratribus
1129 779 1310 827 accipere

122 828 291 874 nollent,
318 829 469 867 bellum
496 830 546 866 ab
572 829 754 867 hostibus
781 830 916 868 forent
942 833 1169 880 accepturi3
1210 835 1253 868 et
1278 831 1311 868 si

123 885 276 919 nationi
302 882 526 933 Anglorum
550 883 774 921 noluissent
799 886 904 920 viam
929 886 1037 921 vitae
1063 884 1310 933 praedicare,

122 949 195 984 per
227 935 369 973 horum
402 949 544 974 manus
579 936 775 975 ultionem
804 941 941 975 essent
966 939 1107 975 mortis
1140 939 1309 987 passuri.

123 989 242 1036 Quod
268 992 325 1026 ita
351 1003 424 1039 per
450 992 598 1034 omnia,
624 995 671 1027 ut
696 990 970 1040 praedixerat,
997 991 1132 1028 divino
1159 995 1310 1041 agente

124 1043 270 1080 iudicio
290 1048 498 1092 patratum
519 1048 593 1081 est.

173 1095 381 1146 Siquidem
418 1101 510 1146 post
547 1096 647 1135 haec
683 1099 769 1147 ipse
806 1097 858 1135 de
896 1110 975 1148 quo
1012 1097 1201 1142 diximus,
1237 1110 1310 1136 rex

123 1149 347 1200 Anglorum
395 1149 636 1188 fortissimus
686 1150 900 1199 Aedilfrjd,
949 1150 1118 1188 collecto
1167 1150 1311 1202 grandi

125 1205 320 1248 exercitu,
357 1203 409 1241 ad
446 1203 665 1241 Civitatem
703 1204 944 1254 Legionum,
981 1217 1086 1254 quae
1124 1217 1148 1241 a
1183 1208 1310 1254 gente

126 1256 346 1307 Anglorum
370 1256 645 1308 Legacaestir‚
668 1270 692 1294 a
714 1257 975 1295 Brettonibus
999 1262 1138 1295 autem
1160 1259 1310 1295 rectius

125 1309 336 1361 Carlegion
386 1309 628 1360 appellatur,
677 1313 896 1347 maximam
946 1313 1080 1361 gentis
1130 1311 1311 1361 perfidae

124 1368 301 1414 stragem
344 1363 471 1401 dedit.
526 1363 710 1414 Cumque
753 1363 905 1402 bellum
948 1369 1109 1401 acturus
1153 1364 1312 1402 videret

124 1417 353 1455 sacerdotes
391 1431 545 1461 eorum,
582 1419 651 1467 qui
689 1417 741 1455 ad
778 1418 1027 1455 exorandum
1064 1417 1200 1455 Deum
1237 1430 1309 1467 pro

125 1470 250 1508 milite
300 1470 451 1508 bellum
501 1475 651 1521 agente
701 1475 989 1515 convenerant,
1039 1484 1218 1509 seorsum
1268 1473 1309 1507 in

126 1526 272 1562 tutiore
300 1523 388 1561 loco
417 1527 651 1568 consistere,
679 1525 961 1562 sciscitabatur
990 1526 1057 1574 qui
1089 1528 1226 1562 essent
1254 1523 1310 1568 hi,

122 1578 269 1628 quidve
284 1580 410 1614 acturi
426 1576 492 1614 illo
506 1580 801 1615 convenissent.
854 1578 983 1614 Erant
997 1582 1136 1615 autem
1150 1577 1310 1627 plurimi

122 1644 260 1669 eorum
288 1631 339 1669 de
366 1633 611 1669 monasterio
638 1631 807 1676 Bancor,
834 1633 876 1667 in
904 1644 983 1681 quo
1011 1635 1150 1668 tantus
1178 1630 1309 1668 fertur

164 1809 180 1882 ἑ
202 1808 274 1882 Tiri?
290 1807 472 1858 difference
490 1807 644 1840 between
660 1807 720 1840 the
739 1807 870 1840 Brit-‚ish
886 1807 957 1839 and
974 1808 1110 1839 Roman
1127 1810 1261 1839 custom
1277 1807 1305 1838 is

122 1862 162 1882 uo
195 1862 231 1882 ce
267 1861 334 1882 am.

164 1907 178 1956 Ξ
198 1894 349 1982 gsslreficleuls
358 1937 386 1968 is
400 1936 537 1983 applied
550 1939 586 1970 to
600 1936 732 1969 heretics
745 1947 783 1968 as
795 1935 870 1973 well
882 1946 920 1971 as
933 1935 1130 1969 unbelievers
1143 1935 1185 1975 (1.
1203 1937 1249 1975 7).

120 2087 190 2116 210
