1473 2322
467 154 579 193 THE
616 154 948 193 VENERABLE
982 154 1130 194 BEDE

206 257 398 296 defuncto
418 256 613 302 Ithamar,
631 260 880 296 consecravit
899 271 971 308 pro
991 271 1039 296 eo
1058 257 1306 296 Damianum
1326 262 1393 310 qui

207 312 258 349 de
280 324 432 361 genere
454 310 707 349 Austranum
730 311 934 349 Saxonum
959 318 1047 350 erat
1069 313 1273 351 oriundus.

672 421 789 460 CAP.
827 422 925 459 XXI

213 500 263 537 Ut
272 500 466 552 provincia
483 500 840 538 Mediterraneornm
858 500 1063 552 Anglorum
1081 500 1148 540 sub
1165 514 1251 552 rege
1267 501 1396 539 Peada

601 553 816 593 Christiana
833 554 1015 607 sitfacta.

257 632 333 669 H1s
358 633 608 682 temporibus
636 632 908 682 Middflangli,
932 633 974 670 id
999 639 1076 677 est,
1103 631 1396 671 Mediterranei

207 686 344 736 Angli,
365 687 439 723 sub
460 689 639 736 principe
663 685 798 724 Peada
820 686 900 723 filio
922 685 1090 724 Pendan
1114 689 1237 737 regis,
1273 686 1395 724 fidem

207 746 250 779 et
272 746 525 778 sacramenta
547 743 729 778 veritatis
751 746 1044 791 perceperunt:
1083 743 1150 791 qui
1174 753 1265 777 cum
1290 745 1407 789 esset?

205 796 360 832 iuvenis
383 797 573 844 optimus,
599 807 643 831 ae
667 797 773 844 regis
797 797 960 832 nomine
985 807 1032 831 ae
1054 807 1225 844 persona
1249 795 1398 844 dignis-

206 850 342 892 simus,
379 847 584 898 praelatus
623 853 685 885 est
723 861 746 885 a
783 854 899 898 patre
936 861 1062 898 regno
1100 850 1234 898 gentis
1269 848 1397 891 illius3

205 904 398 952 venitque
420 901 471 939 ad
491 915 630 952 regem
650 901 1079 952 Nordanhymbrorum
1099 901 1242 947 Osuiu,
1260 907 1398 952 postu-

206 955 292 993 lans
307 955 428 992 filiam
445 958 529 993 eius
543 955 797 993 Alchfledam
810 957 885 993 sibi
899 958 1113 1006 coniugem
1127 956 1235 993 dari:
1263 969 1397 1006 neque

207 1009 324 1048 aliter
367 1010 476 1060 quod
519 1010 690 1059 petebat
734 1012 952 1060 impetrare
986 1013 1135 1060 potuit,
1167 1012 1243 1047 nisi
1276 1009 1397 1048 fidem

207 1063 353 1101 Christi
366 1077 411 1101 ae
422 1064 638 1113 baptisma,
651 1077 742 1100 eum
754 1070 878 1114 gente
891 1066 954 1101 cui
965 1069 1167 1114 praeerat,
1179 1066 1393 1113 aeeiperet.

207 1119 264 1155 At
283 1117 350 1155 ille
372 1117 511 1155 audita
532 1118 833 1168 praedicatione
854 1120 1050 1163 veritatis,
1073 1123 1116 1156 et
1136 1119 1396 1168 promissione

207 1173 320 1222 regni
344 1171 543 1216 caelestis,
567 1184 720 1222 speque
744 1174 1046 1210 resurrectionis
1071 1185 1117 1209 ae
1139 1171 1302 1209 futurae
1325 1174 1398 1208 im-

206 1225 478 1270 mortalitatis,
502 1225 678 1264 libenter
702 1238 745 1263 se
771 1225 1044 1263 Christianum
1068 1225 1154 1264 fieri
1178 1224 1282 1263 velle
1307 1238 1398 1263 eon-

206 1279 334 1318 fessus
351 1285 427 1324 est,
445 1281 603 1317 etiamsi
620 1281 817 1329 virginem
833 1293 913 1317 non
930 1282 1153 1330 acciperet:
1184 1292 1397 1330 persuasus

206 1335 382 1371 maxime
413 1333 464 1370 ad
492 1333 794 1384 percipiendam
823 1333 945 1371 fidem
974 1347 997 1371 a
1026 1333 1106 1371 filio
1127 1336 1234 1383 regis
1257 1333 1398 1379 Osuiu,

206 1390 368 1425 nomine
390 1386 613 1431 Alehfrid0‚
637 1390 705 1437 qui
729 1393 817 1425 erat
839 1393 1035 1437 cognatus
1059 1393 1102 1426 et
1125 1390 1275 1425 amicus
1299 1389 1398 1432 eius,

206 1441 360 1479 habens
384 1454 560 1479 sororem
584 1443 706 1491 ipsius
732 1443 960 1492 coniugem,
983 1440 1177 1479 vocabulo
1201 1440 1398 1492 Cynibur-

207 1509 314 1545 gam,
333 1494 455 1532 filiam
473 1494 639 1533 Pendan
656 1497 775 1545 regis.

256 1549 492 1599 Baptizatus
507 1555 569 1587 est
583 1562 678 1599 ergo
693 1563 715 1586 a
729 1549 881 1586 Finano
895 1552 1096 1599 episeopo,
1108 1561 1200 1586 eum
1213 1548 1396 1586 omnibus

207 1606 276 1653 qui
295 1616 431 1641 secum
450 1609 647 1641 venerant
666 1604 878 1640 comitibus
899 1617 944 1640 ae
963 1602 1156 1640 militibus
1177 1616 1396 1653 eorumque

207 1656 366 1694 famulis
395 1659 603 1702 universis,
630 1659 672 1694 in
700 1660 786 1694 vico
814 1659 920 1707 regis
949 1656 1106 1695 inlustri
1136 1659 1204 1707 qui
1232 1662 1398 1694 vocatur

207 1711 274 1749 Ad
306 1710 484 1748 Murum.
538 1711 594 1748 Et
625 1713 800 1760 acceptis
832 1717 1006 1761 quatuor
1035 1711 1297 1762 presbyteris,
1328 1713 1396 1761 qui

209 1765 260 1803 ad
306 1765 530 1803 docendam
575 1765 945 1815 baptizandamque
991 1771 1159 1815 gentem
1204 1763 1308 1802 illius
1354 1770 1398 1803 et

208 1819 434 1858 eruditione
473 1824 516 1857 et
553 1821 637 1856 vita
674 1819 916 1857 videbantur
952 1819 1101 1864 idonei,
1138 1817 1267 1856 multo
1304 1831 1394 1856 eum

253 1946 331 1996 {In
362 1945 422 1979 the
453 1946 542 1978 East
570 1946 746 1978 Midlands
776 1946 865 1978 from
895 1945 958 1979 the
988 1944 1128 1977 bordei-s
1158 1945 1195 1977 of
1224 1945 1332 1977 Essex
1358 1949 1395 1976 to

207 1989 463 2073 Tangcgssgsstm,
476 2035 612 2072 coqnata
626 2041 684 2063 are
696 2030 780 2063 used
789 2031 843 2063 for
851 2030 1135 2067 brother-in-law,
1148 2028 1394 2061 sister-in-law.

207 2105 279 2141 430
