1473 2322
457 157 568 194 THE
604 156 935 194 VENERABLE
969 157 1117 196 BEDE

194 258 352 296 Aidano
364 260 568 308 patienter
579 259 630 295 ab
641 258 826 295 omnibus
836 257 1100 304 tolerabatur,
1113 262 1180 309 qui
1191 265 1382 309 patenter

195 311 495 357 intellexerant,
518 314 613 362 quia
635 314 711 350 etsi
735 311 883 362 pascha
905 318 1046 350 contra
1066 326 1220 351 morem
1243 328 1380 352 eorum

195 368 263 416 qui
286 368 417 416 ipsum
441 368 636 404 miserant
660 365 793 404 facere
818 379 898 403 non
923 369 1071 416 potuit,
1096 380 1218 417 opera
1243 373 1381 406 tamen

195 420 302 464 fidei,
329 422 509 469 pietatis,
538 425 581 457 et
608 419 847 465 dilectionis,
874 422 989 457 iuxta
1016 434 1169 458 morem
1198 423 1381 459 omnibus

194 476 341 511 sanctis
362 479 616 518 consuetum,
637 472 853 524 diligenter
875 477 1042 524 exsequi
1062 477 1238 512 curavit:
1274 476 1381 513 unde

194 529 245 564 ab
262 528 446 564 omnibus
464 530 588 565 etiam
606 527 665 564 his
684 530 752 578 qui
769 528 820 565 de
836 527 985 577 pascha
1002 527 1119 566 aliter
1135 530 1381 574 sentiebant,

192 583 338 619 merito
357 580 623 631 diligebatur:
658 595 733 619 nec
752 581 881 619 solum
901 595 925 619 a
942 582 1224 628 mediocribus,
1243 596 1382 621 verum

194 636 244 672 ab
265 637 359 685 ipsis
382 648 543 685 quoque
565 637 775 685 episcopis,
796 635 974 673 Honorio
996 635 1318 682 Cantuariorum,
1340 643 1382 675 et

194 688 326 727 Felice
339 688 608 727 Orientalium
620 688 858 739 Anglorum,
870 692 1119 727 venerationi
1132 689 1293 728 habitus
1306 697 1380 729 est.

244 742 450 780 Defuncto
478 749 616 781 autem
643 743 795 780 Finano
823 746 890 793 qui
916 749 1009 793 post
1034 743 1147 781 illum
1173 744 1264 790 fuit,
1290 758 1382 782 cum

193 796 408 834 Colmanus
430 799 471 834 in
494 799 771 846 episcopatum
794 798 1044 842 succederet,
1067 803 1110 835 et
1132 800 1217 848 ipse
1239 801 1381 836 missus

194 864 217 887 a
235 850 403 895 Scottia,
422 854 580 900 gravior
599 851 650 888 de
671 852 950 888 observatione
970 851 1143 901 paschae
1163 865 1320 890 necnon
1340 859 1383 890 et

193 905 244 942 de
278 904 363 941 aliis
396 904 690 942 ecclesiasticae
724 907 831 942 vitae
864 904 1080 954 disciplinis
1113 909 1382 944 controversia

193 963 290 995 nata
313 964 397 996 est:
435 958 542 996 unde
565 960 711 995 merito
727 958 742 981 ยน
765 961 892 995 movit
914 957 1013 996 haec
1036 962 1220 1009 quaestio
1243 973 1381 998 sensus

194 1017 237 1049 et
275 1012 396 1049 corda
434 1012 667 1056 multorum,
707 1015 939 1050 timentium
979 1026 1030 1050 ne
1069 1012 1175 1050 sorte
1215 1020 1381 1064 accepto

193 1065 507 1103 Christianitatis
541 1065 747 1111 vocabulo,
780 1068 820 1103 in
853 1079 1023 1103 vacuum
1056 1073 1277 1112 currerent,
1310 1074 1382 1105 aut

192 1122 471 1157 cucurrissent.
527 1119 717 1158 Pervenit
739 1125 782 1157 et
804 1120 855 1157 ad
877 1122 982 1169 ipsas
1004 1122 1229 1170 principum
1251 1134 1381 1167 aures,

193 1173 320 1211 Osuiu
346 1173 534 1211 videlicet
560 1176 679 1223 regis,
707 1179 750 1211 et
777 1173 844 1210 filii
873 1176 957 1211 eius
983 1173 1203 1218 Alchfridi3
1229 1177 1297 1224 qui
1323 1178 1381 1213 ni-

192 1230 336 1264 mirum
356 1227 483 1265 Osuiu
503 1241 526 1264 a
545 1226 692 1264 Scottis
712 1227 878 1265 edoctus
898 1240 943 1264 ac
962 1228 1206 1277 baptizatus,
1224 1228 1381 1266 illorum

192 1283 316 1318 etiam
331 1281 469 1331 lingua
485 1284 637 1331 optime
654 1282 848 1326 imbutus,
864 1281 960 1318 nihil
976 1281 1119 1319 melius
1136 1295 1257 1331 quam
1273 1284 1381 1332 quod

191 1334 247 1371 illi
283 1335 513 1372 docuissent
551 1336 804 1372 autumabat.
860 1334 981 1372 Porro
1017 1335 1200 1373 Alchfrid
1235 1340 1380 1386 magis-

190 1395 298 1426 trum
318 1388 471 1427 habens
493 1389 727 1426 eruditionis
749 1388 1000 1426 Christianae
1020 1389 1232 1427 Vilfridum
1253 1393 1379 1428 virum

190 1443 465 1480 doctissimum
481 1443 591 1493 (nam
609 1448 651 1480 et
667 1442 836 1480 Romam
852 1446 960 1493 prius
977 1449 1142 1493 propter
1156 1443 1379 1482 doctrinam

191 1496 503 1535 ecclesiasticam
548 1496 718 1542 adierat,
764 1502 806 1534 et
851 1497 959 1547 apud
1002 1496 1210 1535 Dalfinum
1255 1497 1379 1535 arehi-

191 1553 423 1601 episcopum
468 1549 689 1588 Galliarum
735 1549 924 1600 Lugduni
968 1550 1142 1588 multum
1185 1555 1379 1602 temporis

191 1609 346 1655 egerat,
368 1617 392 1642 a
414 1617 493 1655 quo
516 1606 640 1642 etiam
662 1610 852 1642 tonsurae
875 1603 1169 1643 ecclesiasticae
1191 1618 1378 1643 coronam

189 1658 455 1708 susceperat),
493 1657 610 1696 huius
654 1658 878 1696 doctrinam
921 1659 1106 1696 omnibus
1149 1658 1378 1697 Scottorum

189 1712 473 1750 traditionibus
508 1714 594 1750 iure
630 1712 938 1762 praeferendam
972 1713 1149 1750 sciebat:
1195 1713 1303 1751 unde
1341 1717 1377 1751 ei

189 1768 313 1804 etiam
325 1766 547 1804 donaverat
557 1768 847 1804 monasterium
859 1765 1127 1817 quadraginta
1137 1765 1377 1804 familiarum

665 1850 678 1869 ยน
702 1850 826 1887 merito,
844 1849 896 1882 Pl.

230 1951 246 2014 ฮถ
265 1951 499 2026 gaainlltgtion
514 1995 549 2026 of
564 1993 624 2025 the
638 2004 751 2025 crown
766 1993 801 2025 of
814 1993 946 2030 thorus,
960 1994 1064 2026 Matt.
1079 1995 1187 2026 xxvii.
1204 1996 1258 2027 29.
1304 1995 1376 2028 'rho

187 2038 292 2069 Celtic
308 2038 421 2078 clergy
436 2036 567 2069 shaved
582 2036 643 2069 the
656 2037 753 2069 front
769 2036 804 2068 of
819 2036 878 2068 the
895 2036 984 2068 head
998 2037 1087 2069 from
1103 2047 1162 2069 ear
1177 2040 1214 2069 to
1229 2048 1298 2070 ear.

186 2100 258 2145 460
