1473 2322
444 133 555 170 THE
593 133 921 171 VENERABLE
958 134 1104 172 BEDE

183 238 317 274 subito
359 237 584 274 Germanus
625 236 791 288 signifer
833 240 1036 275 universos
1078 238 1284 283 admonet,
1326 244 1366 276 et

184 310 391 359 praedicat
420 314 465 345 ut
504 312 589 346 voci
628 321 724 346 suae
764 323 843 347 uno
873 309 1046 348 clamore
1073 311 1368 360 respondeant;

184 383 412 431 securisque
442 380 624 419 hostibus
654 384 723 432 qui
751 395 794 419 se
824 384 1048 431 insperatos
1078 382 1219 420 adesse
1249 382 1370 419 confi-

184 451 342 495 derent,
408 450 607 487 Alleluiam
671 454 794 489 tertio
857 454 1077 501 repetitam
1141 451 1369 490 sacerdotes

186 519 426 557 exclamant.
482 519 672 570 Sequitur
702 534 782 558 una
812 533 889 558 vox
920 523 1113 565 omnium,
1144 526 1187 558 et
1218 521 1370 558 elatum

186 589 401 627 clamorem
426 603 659 639 repercusso
685 604 778 628 aere
803 592 1002 627 montium
1027 589 1212 628 conclusa
1236 590 1371 629 multi-

186 659 359 708 plicant:
418 658 563 698 hostile
609 673 755 710 agmen
801 666 954 698 terrore
998 662 1280 710 prosternitur,
1325 666 1371 697 ut

186 742 307 778 super
337 741 380 767 se
411 742 491 766 non
522 728 650 766 solum
681 743 801 779 rupes
833 720 1113 773 circumdatas,
1145 729 1216 766 sed
1248 732 1370 767 etiam

186 801 314 848 ipsam
329 798 429 835 caeli
443 798 670 836 machinam
686 801 1015 843 contremiscunt,
1029 798 1371 849 trepidationique

186 869 361 906 iniectae
380 870 445 904 vix
474 869 654 906 sufficere
683 869 835 918 pedum
864 869 1081 918 pernicitas
1109 868 1372 906 credebatur:

188 939 336 986 passim
356 936 533 987 fugiunt,
555 951 665 974 arma
685 939 913 987 proiiciunt,
934 937 1161 988 gaudentes
1181 937 1246 975 vel
1265 938 1373 975 nuda

188 1019 353 1056 corpora
388 1009 580 1056 eripuisse
615 1008 853 1045 discrimini:
901 1007 1036 1057 plures
1071 1009 1195 1044 etiam
1228 1009 1374 1045 timore

188 1079 443 1125 praecipites,
492 1076 643 1115 flumen
695 1077 804 1127 quod
855 1078 1101 1114 transierant
1153 1076 1371 1114 devoravit.

191 1145 399 1183 Ultionem
446 1159 559 1183 suam
604 1149 795 1184 innocens
843 1148 1043 1184 exercitus
1089 1148 1285 1190 intuetur,
1332 1152 1374 1184 et

189 1217 379 1252 victoriae
399 1228 611 1253 concessae
626 1218 776 1253 otiosus
791 1220 996 1265 spectator
1012 1214 1192 1252 efficitur.
1241 1213 1372 1265 Spolia

189 1284 430 1335 colliguntur
450 1288 648 1335 exposita,
664 1291 707 1323 et
725 1285 909 1323 caelestis
924 1284 1084 1334 palmae
1098 1284 1247 1334 gaudia
1261 1284 1374 1322 miles

190 1353 397 1405 religiosus
417 1354 687 1404 amplectitur.
739 1353 1008 1403 Triumphant
1025 1352 1235 1403 pontifices
1253 1352 1374 1391 hosti-

192 1425 264 1461 bus
302 1423 398 1461 fusis
437 1427 521 1461 sine
559 1427 770 1475 sanguine,
805 1422 1058 1473 triumphant
1095 1425 1260 1460 victoria
1296 1422 1374 1461 fide

191 1494 376 1539 obtenta,
394 1507 474 1531 non
492 1494 652 1532 viribus.

243 1562 475 1613 Composita
522 1566 662 1613 itaque
710 1563 839 1600 insula
886 1565 1104 1600 securitate
1152 1561 1376 1611 multiplici,

192 1635 472 1683 superatisque
515 1632 696 1670 hostibus
741 1632 805 1670 vel
847 1631 1108 1668 invisibilibus
1152 1630 1215 1668 vel
1257 1644 1375 1669 carne

192 1705 427 1752 conspicuis,
468 1703 644 1740 reditum
685 1701 906 1738 moliuntur
946 1699 1168 1751 pontifices.
1222 1699 1376 1746 Quibus

192 1771 450 1822 tranquillam
495 1773 808 1822 navigationem,
854 1776 897 1808 et
941 1772 1087 1808 merita
1129 1771 1291 1819 propria
1334 1775 1378 1807 et

242 1953 256 1975 ²
280 1953 393 1985 Welsh
411 1953 576 1985 tradition
593 1953 705 1994 places
723 1952 781 1983 the
798 1951 908 1983 battle
925 1961 1006 1982 near
1022 1950 1114 1982 Mold
1129 1951 1166 1982 in
1183 1950 1377 1988 Flintshire,

202 1998 264 2028 but
279 1997 355 2028 how
370 1996 492 2028 should
507 1996 600 2027 Picta
615 1995 685 2027 and
700 1995 832 2027 Saxons
849 1994 890 2026 be
905 2004 942 2026 so
956 1995 1010 2026 far
1025 1995 1134 2025 west?

199 2070 242 2105 92
