1473 2322
491 163 602 200 THE
639 161 969 201 VENERABLE
1004 163 1150 201 BEDE

229 269 352 304 etiam
371 269 476 304 inter
495 267 618 304 verba
635 268 825 303 orationis
843 268 968 304 vitam
987 265 1147 304 finierit.
1201 267 1306 305 Nam
1324 282 1414 305 cum

229 331 347 365 armis
365 334 407 365 et
423 327 604 365 hostibus
620 330 925 377 circumseptus,
939 330 1183 378 iamiamque
1200 329 1356 366 videret
1371 343 1414 367 se

229 402 316 427 esse
335 389 631 439 perimendum,
650 391 780 426 oravit
798 402 870 439 pro
891 390 1100 427 animabus
1121 393 1320 427 exereitus
1341 393 1412 428 sui.

229 450 349 488 Unde
362 451 501 487 dicunt
511 452 552 487 in
563 451 796 500 proverbio:
823 449 845 462 “
864 450 979 488 Deus
990 453 1179 488 miserere
1193 452 1415 497 animabus,

228 512 331 549 dixit
353 511 506 549 Osuald
527 512 674 549 cadens
695 514 737 548 in
758 511 950 549 terram.''

279 573 381 610 Ossa
419 576 543 623 igitur
580 572 684 610 illius
723 573 921 610 translata
960 580 1003 611 et
1041 575 1204 612 condita
1242 581 1337 613 sunt
1374 579 1415 613 in

227 638 471 673 monasterio
492 648 571 684 quo
591 635 786 672 diximus:
821 648 938 685 porro
958 641 1081 685 caput
1101 642 1144 674 et
1162 650 1304 674 manus
1324 650 1414 675 cum

228 696 398 734 brachiis
419 710 443 734 a
463 709 628 746 corpore
649 699 863 746 praecisas,
883 700 998 734 iussit
1018 711 1089 735 rex
1112 700 1179 748 qui
1200 698 1414 743 occiderat,

227 762 268 796 in
283 758 487 809 stipitibus
503 758 706 808 suspendi.
761 757 852 804 Quo
868 764 960 808 post
977 772 1126 795 annum
1143 762 1307 797 veniens
1323 773 1414 798 cum

227 822 408 860 exercitu
433 832 637 857 successor
661 822 777 869 regni
805 822 889 857 eius
918 819 1059 864 osuiu,
1087 820 1254 857 abstulit
1281 834 1343 866 ea,
1371 828 1414 860 et

227 888 350 933 caput
363 881 526 932 quidem
539 883 580 917 in
593 882 836 918 coemeterio
851 880 1186 918 Lindisfarnensis
1200 881 1390 920 eeclesiae

227 947 268 981 in
290 945 402 994 regia
424 955 518 981 vero
541 944 705 980 civitate
728 955 869 979 manus
894 956 984 980 cum
1007 941 1177 980 brachiis
1201 943 1390 981 condidit.

689 1127 793 1166 CAP
844 1128 947 1165 XIII

232 1215 281 1254 Ut
307 1216 345 1253 in
373 1215 554 1253 Hibernia
584 1215 630 1253 sit
657 1215 807 1266 quzdam
830 1228 899 1266 per
925 1214 1102 1267 reliquias
1129 1215 1207 1254 eius
1235 1230 1258 1253 a
1286 1218 1412 1254 mortis

640 1277 794 1315 articulo
820 1283 1021 1315 revocatus.

277 1364 360 1401 Nnc
388 1363 517 1402 solum
546 1363 686 1415 inclyti
715 1363 824 1401 fama
852 1366 924 1401 viri
951 1363 1175 1402 Brittaniae
1206 1364 1304 1402 fines
1332 1363 1411 1401 lus-

226 1429 348 1463 travit
385 1429 603 1471 universos,
640 1425 713 1463 sed
751 1427 874 1463 etiam
911 1430 1022 1463 trans
1059 1439 1255 1464 oceanum
1290 1425 1411 1476 longe

225 1489 355 1526 radios
374 1487 606 1525 salutiferae
625 1487 723 1524 lucis
743 1501 950 1537 spargens,
971 1487 1212 1525 Germaniae
1233 1487 1350 1524 simul
1370 1493 1412 1525 et

225 1551 446 1588 Hiberniae
474 1555 611 1600 partes
642 1552 792 1598 attigit.
847 1548 1036 1599 Denique
1066 1551 1411 1587 reverentissimus

224 1615 394 1650 antistes
414 1612 523 1649 Acca
542 1610 645 1648 solet
663 1611 828 1656 referre,
849 1613 942 1661 quia
961 1625 1052 1648 cum
1072 1611 1228 1648 Roman
1248 1611 1410 1655 vadens,

225 1674 333 1724 apud
353 1675 648 1711 sanctissimum
671 1672 891 1711 Fresonum
913 1675 1046 1723 gentis
1070 1672 1409 1722 arehiepiscopum

223 1735 478 1773 Vilbrordum
514 1748 605 1772 eum
641 1748 712 1772 suo
749 1737 932 1772 antistite
969 1733 1136 1772 Vilfrido
1171 1739 1410 1779 moraretur,

223 1798 362 1836 erebro
389 1810 482 1835 eum
509 1797 695 1841 audierit,
722 1796 772 1834 de
798 1796 988 1833 mirandis
1015 1809 1119 1846 quae
1146 1795 1198 1833 ad
1222 1795 1410 1846 reliquias

223 1859 404 1898 eiusdem
430 1860 742 1896 reverentissimi
769 1860 875 1908 regis
902 1859 943 1894 in
969 1856 1037 1894 illa
1063 1859 1266 1907 provincia
1292 1863 1409 1907 gesta

222 1921 387 1965 fuerint,
408 1933 582 1957 narrare.
637 1919 717 1956 Sed
740 1924 782 1956 et
803 1922 845 1955 in
867 1918 1062 1956 Hibernia
1083 1932 1173 1955 cum
1195 1919 1410 1970 presbyter

669 2029 683 2050 ²
706 2029 959 2073 Bamborough.

221 2086 293 2134 386
