1473 2322
489 173 600 210 THE
636 172 967 210 VENERABLE
1002 171 1151 210 BEDE

228 277 462 313 accessionis
483 280 754 325 exspectaret,
773 276 975 325 ingressus
996 274 1048 312 ad
1067 287 1159 312 eum
1180 275 1343 324 quidam
1363 273 1415 312 de

227 335 439 372 fratribus:
496 334 517 347 “
538 334 648 380 Vis,”
689 337 834 385 inquit,
875 334 972 372 “mi
1012 340 1123 380 nate,
1164 335 1331 373 doceam
1370 340 1414 372 te

228 397 428 447 quomodo
441 399 588 434 cureris
602 397 652 433 ab
665 395 781 434 huius
793 396 979 434 molestia
990 395 1192 447 languoris
1205 397 1219 434 ?
1273 396 1415 447 Surge,

227 459 440 509 ingredere
488 458 711 503 ecclesiam,
759 463 802 496 et
849 459 1043 496 accedens
1091 459 1143 496 ad
1188 458 1415 509 sepulcrum

229 520 409 565 Osualdi,
452 521 507 557 ibi
549 521 695 565 reside,
739 526 783 558 et
825 523 986 570 quietus
1029 534 1197 558 manens
1241 519 1415 558 adhaere

227 583 406 619 tumbae.
462 582 564 619 Vide
586 596 637 620 ne
660 595 780 619 exeas
801 582 910 626 inde,
931 595 1006 619 nec
1027 582 1078 619 de
1098 580 1185 619 loco
1205 584 1416 627 movearis,

228 643 355 680 donec
398 641 495 679 hora
538 644 772 680 recessionis
817 641 990 680 febrium
1033 644 1249 680 transierit.
1303 641 1416 680 Tunc

227 707 313 754 ipse
349 705 523 749 intrabo,
561 710 604 742 et
641 704 810 741 educam
846 709 889 741 te
926 702 1062 741 inde.'’
1117 703 1231 741 Fecit
1266 709 1313 740 ut
1348 703 1415 742 ille

228 772 423 811 suaserat,
443 766 737 816 sedentemque
759 765 810 802 ad
830 766 1013 802 tumbam
1037 767 1181 810 sancti,
1203 765 1413 803 infirmitas

228 834 397 878 tangere
428 840 686 878 nequaquam
715 829 1009 877 praesumpsit;
1055 829 1151 876 quin
1182 830 1223 864 in
1253 832 1415 864 tantum

228 892 374 927 timens
394 888 566 939 aufugit,
585 894 632 926 ut
649 901 724 926 nec
741 888 918 925 secunda
937 888 1016 932 die,
1034 901 1109 925 nec
1126 891 1263 933 tertia,
1280 901 1414 939 neque

228 964 419 1001 umquam
441 951 587 988 exinde
612 963 705 988 eum
725 950 896 987 auderet
915 951 1163 999 contingere.
1218 948 1338 996 Quod
1356 953 1413 988 ita

228 1025 315 1050 esse
333 1018 496 1062 gestum
515 1015 583 1062 qui
602 1011 807 1049 referebat
824 1010 922 1048 mihi
940 1010 1066 1048 frater
1084 1010 1178 1048 inde
1198 1011 1413 1050 adveniens

228 1075 388 1119 adiecit,
415 1074 524 1124 quod
549 1087 596 1111 eo
623 1072 754 1110 adhuc
778 1078 962 1123 tempore
989 1085 1069 1123 quo
1093 1086 1253 1110 mecum
1277 1072 1414 1123 loque-

226 1137 360 1180 batur,
387 1140 618 1185 superesset
644 1137 685 1172 in
713 1135 856 1173 eodem
883 1136 1127 1172 monasterio
1154 1136 1234 1171 iam
1261 1136 1414 1173 iuvenis

226 1197 306 1242 ille,
333 1200 374 1234 in
402 1211 480 1248 quo
507 1203 604 1234 tunc
631 1210 755 1247 puero
783 1196 936 1233 factum
964 1201 1052 1234 erat
1078 1195 1152 1233 hoc
1178 1195 1414 1234 miraculum

226 1261 423 1296 sanitatis.
478 1258 563 1296 Nec
580 1258 807 1296 mirandum
824 1271 963 1308 preces
981 1260 1087 1308 regis
1103 1257 1207 1295 illius
1225 1260 1306 1295 iam
1323 1272 1413 1296 cum

228 1321 402 1358 Domino
435 1323 642 1370 regnantis
679 1319 853 1357 multum
890 1319 1024 1357 valere
1063 1319 1171 1370 apud
1208 1333 1315 1366 eum,
1345 1323 1412 1371 qui

226 1382 459 1433 temporalis
509 1384 625 1432 regni
676 1382 880 1432 quondam
931 1380 1205 1431 gubernacula
1254 1387 1414 1428 tenens,

226 1447 354 1495 magis
368 1458 440 1495 pro
456 1449 622 1482 aeterno
637 1457 762 1495 regno
778 1456 937 1494 semper
950 1443 1131 1481 laborare
1147 1456 1192 1480 ac
1207 1443 1412 1494 deprecari

227 1505 394 1543 solebat.

278 1568 467 1617 Denique
494 1567 631 1605 ferunt
656 1569 751 1618 quia
777 1581 799 1605 a
825 1573 1008 1618 tempore
1033 1570 1260 1605 matutinae
1285 1567 1413 1606 laudis

227 1632 385 1680 saepius
423 1629 474 1667 ad
511 1629 618 1667 diem
653 1642 781 1679 usque
817 1632 858 1666 in
894 1630 1140 1667 orationibus
1175 1632 1413 1680 perstiterit,

227 1697 351 1741 atque
372 1691 422 1728 ob
443 1691 627 1728 crebrum
646 1704 800 1728 morem
821 1691 974 1736 orandj,
994 1693 1076 1729 sive
1095 1694 1246 1742 gratias
1267 1692 1412 1742 agendi

227 1753 402 1790 Domino
436 1765 595 1802 semper
628 1752 872 1802 ubicumque
905 1753 1065 1798 sedens,
1098 1755 1260 1803 supinas
1293 1766 1413 1804 super

226 1828 361 1864 genua
384 1827 457 1851 sua
479 1827 622 1851 manus
647 1812 797 1852 habere
822 1813 962 1851 solitus
986 1817 1051 1851 sit.
1105 1814 1325 1865 Vulgatum
1350 1820 1413 1853 est

227 1881 379 1920 autem,
403 1880 446 1912 et
468 1877 509 1912 in
532 1875 865 1913 consuetudinem
888 1876 1087 1926 proverbii
1109 1889 1282 1920 versum,
1305 1876 1412 1926 quod

441 1987 453 2006 ¹
477 1986 696 2025 Personified,
715 1988 759 2019 cf.
777 1987 873 2019 Luke
888 1988 934 2019 iv.
951 1987 1004 2019 39.

441 2029 455 2048 ²
477 2029 617 2068 Matina,
635 2029 788 2061 between
803 2029 975 2072 midnight
989 2029 1060 2060 and
1075 2030 1094 2062 3
1110 2039 1192 2060 ιω.

226 2091 297 2138 384
