1473 2322
424 152 537 189 THE
577 149 908 187 VENERABLE
943 149 1091 187 BEDE

167 256 308 306 vulgus
329 256 465 304 potuit
486 255 689 304 recorrigi,
711 257 836 302 atque
859 252 911 290 ad
932 251 1235 301 simplicitatem
1258 251 1350 289 fidei

168 323 209 356 et
226 320 405 355 caritatis
423 330 528 368 quae
546 321 608 354 est
625 319 666 354 in
684 316 858 361 Christo,
874 318 1066 354 revocari.

657 461 773 500 CAP.
803 462 858 500 VI

173 550 222 587 Ut
241 556 428 601 correptus
450 549 495 586 ab
517 549 683 600 apostolo
715 547 825 585 Petro
856 547 1079 585 Laurentius
1100 546 1351 585 Aeodbaldum

266 616 387 654 regem
408 602 458 640 ad
479 602 663 641 Christum
682 600 910 646 converterit,
929 601 994 652 qui
1011 614 1095 638 mox
1115 599 1301 638 Mellitum
1320 606 1352 637 et

267 657 410 694 Iustum
425 656 475 693 ad
482 654 774 706 praedicandum
788 653 1021 691 revocaverit.

219 742 311 780 CUM
354 756 447 779 vero
491 747 533 779 et
576 741 819 779 Laurentius
863 739 1070 777 Mellitum
1112 740 1352 789 lustumque

167 810 377 843 secuturus
404 819 450 842 ac
475 805 717 842 Brittaniam
744 807 853 842 esset
877 803 1104 848 relicturus,
1128 805 1244 841 iussit
1267 805 1355 853 ipsa

167 870 242 907 sibi
262 873 382 907 nocte
402 872 443 906 in
465 868 633 906 ecclesia
653 869 867 906 beatorum
887 866 1160 918 apostolorum
1180 866 1291 905 Petri
1311 871 1354 905 et

168 932 281 970 Pauli
302 933 353 971 de
373 946 452 984 qua
468 932 705 983 frequenter
719 935 800 969 iam
816 932 1004 975 diximus,
1018 935 1194 969 stratum
1207 933 1353 981 parari,

168 1000 208 1034 in
246 1011 326 1048 quo
363 1010 455 1035 cum
492 1001 585 1047 post
621 996 770 1034 multas
806 1009 946 1046 preces
985 1008 1032 1033 ac
1067 994 1265 1046 lacrymas
1302 995 1354 1033 ad

168 1062 389 1098 Dominum
405 1074 478 1112 pro
495 1065 606 1099 statu
625 1060 818 1099 ecclesiae
836 1059 959 1105 fusas,
986 1060 1038 1097 ad
1064 1059 1354 1110 quiescendum

166 1126 349 1164 membra
383 1127 585 1176 posuisset
619 1129 743 1175 atque
778 1124 1060 1169 obdormisset,
1095 1126 1283 1174 apparuit.
1316 1126 1353 1162 ei

168 1190 424 1228 beatissimus
460 1189 732 1240 apostolorum
767 1191 966 1239 princeps,
1002 1192 1045 1226 et
1079 1187 1207 1226 multo
1241 1187 1353 1226 illum

167 1259 352 1304 tempore
376 1258 558 1292 secretae
584 1256 711 1291 noctis
737 1252 904 1304 flagellis
929 1253 1142 1291 artioribus
1165 1253 1354 1297 afficiens,

167 1318 448 1356 sciscitabatur
479 1317 699 1368 apostolica
731 1317 996 1361 districtione,
1029 1330 1154 1367 quare
1185 1330 1353 1368 gregem

167 1395 289 1432 quem
310 1383 385 1420 sibi
404 1384 490 1431 ipse
510 1382 752 1426 crediderat,
772 1380 1034 1431 relinqueret,
1053 1380 1117 1419 vel
1136 1383 1200 1418 cui
1218 1385 1352 1431 pasto-

168 1460 257 1483 rum
284 1460 377 1484 ox'es
406 1445 553 1483 Christi
580 1448 621 1483 in
646 1446 781 1483 medio
806 1445 992 1495 luporum
1015 1447 1166 1495 positas
1193 1444 1352 1496 fugiens

168 1513 252 1560 ipse
293 1511 533 1548 dimitteret.
599 1510 706 1547 “An
742 1509 865 1554 mei,''
901 1512 1047 1560 inquit,
1084 1508 1274 1547 “oblitus
1311 1523 1352 1547 es

169 1574 360 1625 exempli,
380 1577 448 1625 qui
473 1588 546 1624 pro
568 1573 743 1624 parvulis
766 1573 928 1618 Christi,
949 1587 1047 1624 quos
1072 1572 1171 1610 mihi
1192 1575 1234 1611 in
1252 1573 1351 1611 indi-

167 1640 271 1675 cium
301 1652 399 1676 suae
428 1637 652 1676 dilectionis
679 1638 1046 1681 commendaverat,
1071 1636 1242 1682 vincula,
1267 1650 1351 1675 ver-

168 1702 279 1747 bera,
299 1715 491 1745 carceres,
513 1701 775 1745 adflictiones,
794 1704 923 1751 ipsam
942 1705 1146 1751 postremo
1165 1705 1352 1745 mortem,

167 1770 342 1804 mortem
387 1770 525 1804 autem
568 1767 708 1810 crucis,
747 1766 797 1803 ab
833 1764 1061 1803 infidelibus
1103 1769 1145 1803 et
1183 1767 1350 1803 inimicis

168 1829 316 1869 Christi
358 1831 444 1880 ipse
488 1843 579 1867 cum
623 1828 781 1867 Christo
832 1829 1080 1867 coronandus
1132 1827 1308 1879 pertuli?
1327 1827 1352 1840 '¹

168 1893 242 1932 His
273 1894 385 1931 beati
419 1892 529 1931 Petri
562 1892 729 1944 flagellis
769 1892 886 1931 simul
923 1897 966 1931 et
1003 1891 1350 1931 exhortationibus

168 1959 369 1995 animatus
405 1956 578 1994 famulus
617 1956 763 1994 Christi
802 1956 1058 2000 Laurentius,
1093 1969 1187 1994 mox
1230 1968 1350 1994 mane

167 2072 236 2109 232
