1473 2322
459 151 571 189 THE
607 149 938 188 VENERABLE
974 150 1120 188 BEDE

198 252 440 292 celebranda
468 253 700 299 direximus,
729 258 776 290 ut
803 266 877 304 per
904 258 1066 291 nostrae
1090 255 1384 304 praeceptionis

199 309 484 344 auctoritatem
525 309 685 357 possitis
727 307 817 344 Deo
858 305 1050 356 placitam
1092 308 1385 345 ordinationem

199 361 377 404 efficere3
427 363 522 410 quia
556 366 604 398 ut
637 360 738 398 haec
766 361 877 397 vobis
906 360 1231 405 concederemus,
1265 361 1387 411 longa

197 420 397 453 terrarum
421 417 623 464 marisque
642 413 868 458 intervalla,
889 427 993 464 quae
1019 416 1125 452 inter
1149 428 1220 451 nos
1248 427 1293 451 ac
1317 427 1386 452 vos

198 469 414 512 obsistunt,
441 468 493 505 ad
519 467 620 505 haee
638 481 709 505 nos
730 468 1051 505 condescendere
1078 473 1314 518 coegerunt,
1341 474 1387 505 ut

198 521 308 559 nulla
355 523 481 571 possit
531 520 789 559 ecclesiarum
838 527 1062 559 vestrarum
1111 525 1267 558 iactura
1314 534 1388 571 per

198 574 413 613 cujuslibet
447 577 663 612 occasionis
698 576 913 612 obtentum
948 588 1109 625 quoquo
1144 575 1264 612 modo
1299 588 1388 625 pro-

199 632 357 673 venire3
389 629 462 666 sed
479 631 612 678 potius
631 631 830 666 commissi
848 629 958 666 vobis
976 628 1113 678 populi
1131 629 1388 667 devotionem

197 682 355 733 plenius
389 695 626 732 propagare.
681 682 794 720 Deus
829 688 874 721 te
901 682 1143 720 ineolumem
1172 682 1388 728 custodiat,

199 736 457 774 dilectissime
477 735 615 773 frater.

251 796 274 812 “
284 789 397 828 Data
409 789 474 827 die
487 792 609 827 tertio
625 788 770 826 Iduum
784 788 903 834 Iunii,
914 789 1206 839 imperantibus
1220 789 1388 826 dominis

199 846 344 881 nostris
356 844 566 893 Augustis,
580 842 767 880 Heraclio
787 856 892 880 anno
912 845 1100 880 vicesimo
1120 849 1278 892 quarto,
1297 848 1390 892 post

199 897 452 935 consulatum
488 897 669 934 eiusdem
709 909 813 933 anno
847 899 1035 934 vicesimo
1069 899 1215 940 terti03
1265 902 1389 947 atque

200 951 466 989 Constantino
489 950 569 988 filio
591 952 714 1000 ipsius
737 963 841 987 anno
864 952 1050 987 vicesimo
1073 952 1210 994 tertio,
1233 955 1276 988 et
1297 963 1390 988 con-

199 1005 352 1043 sulatus
376 1007 460 1042 eius
485 1017 589 1041 anno
610 1006 756 1047 terti03
792 1003 865 1041 sed
887 1009 930 1041 et
952 1003 1139 1040 Heraclio
1161 1002 1389 1041 felicissimo

200 1059 372 1096 Caesare
394 1058 437 1095 id
460 1063 522 1095 est
537 1057 553 1081 1
576 1057 656 1095 filio
679 1060 764 1095 eius
785 1070 889 1094 anno
909 1059 1046 1101 tertio,
1060 1057 1279 1095 indictione
1301 1071 1391 1107 sep-

199 1115 314 1158 tima,
341 1112 383 1149 id
413 1117 488 1155 est,
514 1125 618 1148 anno
645 1110 884 1149 Dominicae
911 1112 1196 1148 incarnationis
1225 1124 1390 1149 sexcen-

199 1168 344 1205 tesimo
362 1167 564 1203 tricesimo
584 1164 770 1217 quart0.''

664 1344 782 1383 CAP.
818 1344 918 1382 XIX

208 1431 257 1470 Ut
276 1431 399 1484 primo
423 1431 519 1469 idem
545 1429 737 1469 Honorius
761 1435 795 1467 et
816 1435 901 1481 post
926 1429 1112 1467 Iohannes
1141 1429 1266 1467 literas
1290 1428 1392 1480 genti

303 1486 505 1524 Scottorum
520 1498 592 1537 pro
601 1485 748 1536 pascha
764 1484 922 1522 simulet
935 1497 1006 1535 pro
1026 1483 1234 1534 Pelagiana
1249 1483 1392 1521 haeresi

303 1539 453 1577 miserit.

255 1624 382 1662 strr
417 1625 526 1663 idem
563 1638 670 1675 papa
706 1624 907 1661 Honorius
942 1622 1080 1661 literas
1119 1626 1242 1660 etiam
1278 1625 1392 1673 genti

203 1678 446 1723 Scottorum,
465 1692 563 1729 quos
580 1681 622 1715 in
634 1679 914 1716 observatione
928 1679 1055 1714 sancti
1073 1676 1245 1726 paschae
1260 1690 1391 1714 errare

203 1738 469 1783 compererat,
502 1735 619 1769 iuxta
647 1731 756 1781 quod
783 1744 904 1780 supra
932 1730 1160 1768 docuimus:
1209 1729 1393 1768 sollerter

205 1786 436 1831 exhortans,
468 1799 519 1823 ne
550 1788 799 1835 paucitatem
831 1797 945 1822 suam
973 1786 1015 1821 in
1044 1785 1234 1821 extremis
1257 1788 1391 1821 terrae

204 1840 348 1878 finibus
365 1841 629 1877 constitutam
644 1840 930 1889 sapientiorem
947 1838 1121 1888 antiquis
1137 1839 1220 1874 sive
1235 1837 1392 1875 moder-

658 1923 673 1944 ²
694 1923 749 1955 for
764 1923 853 1959 item,
869 1922 922 1954 Pl.

412 2032 424 2052 ¹
449 2031 691 2068 Heracleonas,
705 2040 859 2073 younger
873 2040 936 2061 son
952 2029 986 2061 of
1001 2028 1192 2061 Heraclius.

206 2077 279 2124 308
