1473 2322
443 152 554 189 THE
591 152 919 190 VENERABLE
954 153 1101 191 BEDE

663 294 778 332 CAP.
818 295 882 332 III

190 379 238 417 Ut
258 379 352 416 idem
365 393 428 416 rex
439 379 636 430 postulans
651 379 695 416 de
706 386 814 430 gente
829 380 1031 418 Scottorum
1052 381 1248 419 antistitem
1268 396 1368 420 acce-

280 433 377 483 perit
397 432 604 478 Aeclanum,
633 433 820 484 eidemque
847 433 885 471 in
913 433 1037 471 insula
1066 434 1371 486 Lindisfarnensi

285 486 404 524 sedem
422 486 654 537 episcopatus
672 486 871 524 donaverit.

238 572 344 608 Imm
389 585 484 622 ergo
529 571 696 617 Osuald,
724 585 819 609 mox
858 573 926 610 ubi
969 585 1139 622 regnum
1181 577 1371 624 suscepit,

185 626 417 663 desiderans
451 631 582 662 totam
611 628 675 662 cui
703 639 891 675 praeesse
919 629 1054 676 eoepit
1081 632 1249 676 gentem
1278 628 1370 666 fidei

185 679 437 716 Christianae
460 682 592 729 gratia
606 679 869 723 imbui,cuius
893 682 1172 729 experimenta
1187 694 1371 731 permax-

183 736 264 769 ima
290 735 331 769 in
360 733 639 782 expugnandis
667 733 845 770 barbaris
872 735 952 769 iam
979 739 1157 783 ceperat,
1184 738 1294 772 misit
1321 736 1372 773 ad

183 790 354 824 maiores
390 792 490 824 natu
526 786 769 831 Scottorum,
805 789 913 824 inter
949 800 1047 836 quos
1084 788 1251 825 exulans
1286 791 1372 838 ipse

184 841 439 890 baptismatis
471 845 738 885 sacramenta,
770 852 863 877 cum
894 839 954 877 his
987 843 1055 890 qui
1087 854 1224 878 secum
1256 847 1372 880 erant

184 894 391 938 militibus,
412 899 650 931 consecutus
671 898 781 937 erat3
815 899 961 943 petens
981 900 1027 930 ut
1047 895 1121 931 sibi
1140 897 1374 933 mitteretur

185 950 369 992 antistes,
405 949 516 984 cuius
553 947 737 984 doctrina
775 959 820 984 ac
855 949 1077 985 ministerio
1114 961 1214 998 gens
1251 962 1371 999 quam

187 1002 357 1051 regebat
373 1000 611 1050 Anglorum,
628 1001 864 1037 Dominicae
885 1000 979 1038 fidei
999 1007 1042 1039 et
1061 1001 1167 1038 dona
1186 1002 1372 1047 disceret,

186 1061 229 1093 et
253 1057 476 1104 susciperet
500 1060 766 1092 sacramenta.
820 1053 964 1104 Neque
989 1054 1196 1105 aliquanto
1219 1056 1373 1094 tardius

187 1109 294 1159 quod
320 1111 440 1158 petiit
465 1110 721 1158 impetravit:
762 1111 919 1158 accepit
937 1121 1113 1159 namque
1139 1109 1372 1159 pontificem

187 1163 402 1200 Aedanum
441 1175 622 1199 summae
660 1162 981 1199 mansuetudinis
1021 1168 1063 1200 et
1112 1165 1276 1212 pietatis
1328 1177 1373 1200 ac

186 1217 469 1254 moderaminis
477 1214 933 1265 virum,habentemque
946 1215 1078 1253 zelum
1092 1215 1372 1267 Dei,quamvis

187 1283 266 1307 non
313 1269 434 1320 plene
482 1269 706 1307 secundum
754 1271 976 1306 scientiam.
1032 1269 1218 1320 Namque
1266 1270 1373 1308 diem

187 1322 360 1374 paschae
384 1322 642 1360 Dominicum
660 1335 772 1360 more
791 1335 888 1360 suae
909 1325 1057 1372 gentis,
1077 1325 1188 1360 cuius
1215 1326 1374 1374 saepius

188 1379 439 1415 mentionem
460 1376 643 1421 fecimus,
667 1389 690 1413 a
711 1381 857 1426 quarta
878 1376 1035 1414 decima
1056 1375 1152 1413 luna
1173 1389 1301 1427 usque
1323 1378 1376 1415 ad

189 1433 418 1468 vicesimam
453 1431 666 1468 observare
701 1429 870 1467 solebat.
925 1429 1013 1467 Hoc
1049 1432 1201 1468 etenim
1235 1430 1375 1469 ordine

187 1483 515 1535 septentrionalis
542 1483 773 1521 Scottorum
798 1485 1015 1533 provincia,
1042 1489 1086 1521 et
1111 1486 1239 1521 omnis
1264 1487 1374 1522 natio

189 1538 393 1576 Pictorum
430 1537 498 1575 illo
538 1536 669 1575 adhuc
707 1543 892 1587 tempore
930 1536 1079 1587 pascha
1118 1538 1375 1576 Dominicum

190 1591 437 1636 celebrabat,
456 1593 675 1629 aestimans
689 1604 731 1629 se
744 1593 785 1628 in
803 1590 878 1628 hac
891 1592 1171 1629 observatione
1190 1594 1318 1629 sancti
1331 1605 1375 1629 ac

189 1645 309 1684 laude
337 1645 448 1695 digni
475 1647 601 1694 patris
628 1644 808 1682 Anatolii
835 1647 984 1695 scripta
1010 1650 1203 1683 secutam.
1257 1644 1376 1692 Quod

191 1714 241 1737 an
275 1712 414 1737 verum
448 1701 514 1743 sit,
547 1701 700 1748 peritus
735 1701 904 1749 quisque
936 1697 1125 1736 facillime
1159 1701 1374 1747 cognoscit.

192 1753 311 1791 Porro
322 1758 466 1804 gentes
478 1752 722 1797 Scottorum,
735 1754 892 1803 quaein
906 1751 1145 1790 australibus
1158 1752 1376 1790 Hiberniae

237 1865 251 1884 ²
273 1865 324 1896 Cf.
340 1865 376 1895 ii.
394 1865 445 1896 19.
490 1864 540 1895 To
557 1864 650 1896 Bede
668 1864 727 1896 the
742 1863 833 1897 Irish
847 1874 906 1896 are
923 1863 1031 1896 Scots.

235 1908 247 1926 ²
270 1907 383 1939 North
399 1907 433 1938 of
449 1906 596 1938 Ireland.

235 1951 248 1970 ³
272 1950 401 1991 Bishop
437 1950 471 1980 of
507 1949 675 1980 Laodicea
709 1948 818 1980 about
852 1958 926 1980 A.D.
962 1949 1036 1981 270.
1083 1947 1153 1979 The
1189 1948 1377 1980 Anatolian

192 1995 309 2025 (fanon
324 2003 369 2024 on
384 1991 494 2023 which
510 1992 569 2023 the
584 1992 676 2024 Celts
691 1991 796 2022 relied
809 2001 880 2022 was
894 1991 1001 2032 really
1016 2001 1037 2021 a
1051 1991 1196 2032 forgery.
1244 1991 1377 2032 Bright,

192 2100 264 2137 334
