1473 2322
469 158 582 196 THE
617 158 948 196 VENERABLE
983 158 1131 196 BEDE

209 261 373 296 statutis
392 260 604 308 propositis
623 270 760 294 curam
779 263 956 307 gereret,
974 271 1068 295 casu
1087 260 1259 308 contigit
1277 264 1324 295 ut
1342 258 1394 296 ad

208 315 339 362 ipsum
361 314 650 349 monasterium
674 317 858 361 tempore
881 312 1138 349 mortalitatis
1163 314 1394 357 adveniens,

207 371 342 403 tactus
366 366 516 403 ibidem
535 365 770 403 infirmitate
790 368 978 415 corporis,
997 367 1150 404 obiret:
1179 369 1247 416 qui
1266 369 1393 416 primo

209 419 371 470 quidem
385 418 479 456 foris
492 418 674 469 sepultus
688 424 750 457 est
763 431 772 463 3
785 425 969 469 tempore
983 426 1121 457 autem
1134 420 1394 470 procedente,

208 475 249 510 in
270 473 413 511 eodem
435 475 678 510 monasterio
700 472 867 511 ecclesia
888 479 951 511 est
971 476 1011 510 in
1034 473 1225 512 honorem
1246 475 1393 512 beatae

209 527 287 565 Dei
308 529 512 577 genitricis
532 527 583 564 de
604 526 736 576 lapide
756 526 879 571 facta,
899 533 942 565 et
961 530 1003 564 in
1021 527 1089 565 illa
1108 541 1250 578 corpus
1270 530 1393 578 ipsius

209 581 261 619 ad
280 581 492 618 dexteram
513 580 648 618 altaris
668 581 933 618 reconditum.

260 635 387 672 Dedit
411 641 549 672 autem
575 637 783 684 episcopus
807 635 1031 685 regendum
1055 640 1147 685 post
1169 648 1213 672 se
1236 648 1392 672 monas-

208 692 355 726 terium
373 688 487 726 fratri
505 702 576 725 suo
595 688 773 733 Ceadda,
791 692 858 738 qui
878 695 1019 738 postea
1038 691 1246 739 episcopus
1263 688 1394 726 factus

209 748 285 787 est,
313 749 358 780 ut
384 745 424 779 in
451 743 714 792 sequentibus
741 743 931 780 dicemus.
985 742 1170 789 Quatuor
1195 743 1394 792 siquidem

208 795 248 833 hi
267 810 366 847 quos
384 797 572 841 diximus,
590 799 771 846 germani
789 796 949 841 fratres,
967 796 1081 834 Cedd
1099 802 1142 834 et
1160 796 1334 847 Cynibill
1353 802 1395 835 et

209 850 347 888 Caelin
370 856 413 888 et
434 850 612 894 Caedda,
634 851 742 900 quod
762 863 850 887 raro
871 853 1087 895 invenitur,
1107 863 1246 888 omnes
1266 864 1395 888 sacer-

209 905 325 942 dotes
355 904 517 941 Domini
547 903 660 941 fuere
689 903 897 954 praeclari,
926 910 969 942 et
997 904 1076 942 duo
1106 918 1156 942 ex
1185 907 1242 942 eis
1271 907 1394 942 etiam

208 961 352 995 summi
371 958 582 996 sacerdotii
601 958 729 1008 gradu
748 957 877 995 functi
893 963 1001 995 sunt.
1056 957 1157 995 Cum
1177 971 1273 1008 ergo
1293 961 1395 1007 epis-

208 1025 352 1062 copum
375 1011 613 1049 defunctum
635 1025 681 1049 ac
702 1011 905 1061 sepultum
929 1015 968 1049 in
991 1014 1192 1062 provincia
1215 1012 1395 1050 Nordan-

208 1065 467 1116 hymbrorurn
495 1066 681 1103 audirent
706 1065 851 1104 fratres
878 1070 944 1116 qui
972 1068 1012 1103 in
1038 1068 1282 1104 monasterio
1309 1068 1394 1104 eius

209 1126 325 1158 erant
353 1122 393 1157 in
421 1122 623 1170 provincia
652 1119 920 1158 Orientalium
949 1118 1168 1165 Saxonum,
1196 1125 1395 1158 venerunt

207 1173 274 1211 illo
314 1174 365 1212 de
403 1187 475 1211 suo
514 1176 759 1211 monasterio
797 1173 978 1211 homines
1016 1177 1175 1212 circiter
1211 1176 1394 1224 triginta,

208 1230 417 1278 cupientes
441 1227 492 1265 ad
514 1241 656 1277 corpus
678 1230 738 1265 sui
761 1230 900 1277 patris,
923 1233 994 1265 aut
1016 1231 1149 1266 vivere
1172 1230 1203 1265 si
1227 1230 1281 1265 sic
1304 1228 1394 1266 Deo

207 1281 400 1332 placeret,
428 1287 499 1318 aut
525 1285 744 1320 morientes
771 1283 825 1319 ibi
853 1281 1035 1331 sepeliri:
1077 1285 1144 1332 qui
1170 1281 1345 1320 libenter
1371 1296 1395 1319 a

207 1338 287 1373 suis
330 1335 520 1373 fratribus
562 1341 605 1373 et
646 1335 982 1373 commilitonibus
1023 1338 1213 1386 suscepti,
1255 1349 1393 1374 omnes

207 1390 357 1427 ibidem
394 1392 705 1439 superveniente
741 1389 951 1439 praefatae
987 1389 1244 1440 pestilentiae
1280 1389 1393 1428 clade

207 1443 387 1482 defuncti
404 1449 513 1488 sunt,
529 1450 701 1493 excepto
717 1457 797 1481 uno
813 1443 994 1493 puerulo,
1010 1457 1131 1494 quem
1147 1445 1393 1481 orationibus

207 1500 332 1548 patris
370 1500 429 1534 sui
469 1511 492 1534 a
527 1503 658 1535 morte
696 1503 856 1535 constat
894 1510 981 1536 esse
1017 1503 1234 1536 servatum.
1289 1497 1393 1535 Nam

206 1565 297 1590 curn
323 1551 451 1589 multo
476 1557 568 1601 post
594 1551 693 1589 haee
718 1557 902 1601 tempore
928 1554 1095 1596 viveret,
1121 1557 1164 1590 et
1189 1554 1393 1602 scripturis

205 1605 388 1656 legendis
411 1618 574 1655 operam
598 1606 729 1650 daret,
750 1606 918 1643 tandem
941 1606 1081 1643 didicit
1102 1618 1145 1643 se
1169 1618 1273 1656 aqua
1296 1606 1393 1656 bap—

205 1662 379 1697 tismatis
400 1673 478 1696 non
502 1672 589 1697 esse
610 1665 911 1709 regeneratum,
932 1665 975 1697 et
996 1673 1089 1696 mox
1110 1659 1224 1698 fonte
1245 1659 1391 1697 lavacri

205 1713 390 1751 salutaris
433 1712 608 1758 ablutus,
646 1716 770 1751 etiam
819 1714 1077 1763 postmodum
1115 1713 1167 1751 ad
1212 1714 1392 1752 ordinem

206 1768 445 1818 presbyterii
468 1773 674 1817 promotus
697 1773 773 1812 est,
794 1767 1012 1817 multisque
1034 1770 1072 1804 in
1097 1767 1263 1805 ecclesia
1285 1768 1392 1805 utilis

206 1822 306 1860 fuit:
337 1822 388 1859 de
407 1834 486 1872 quo
503 1821 770 1859 dubitandum
790 1835 868 1858 non
887 1821 1139 1866 crediderim,
1157 1824 1251 1871 quin
1270 1824 1392 1860 inter-

518 1916 531 1936 ²
555 1916 658 1948 Later
674 1917 792 1957 prior-³.

517 1960 530 1978 ²
553 1960 679 2000 Plague
696 1960 731 1991 of
747 1961 821 1991 664.

514 2002 528 2022 ³
551 2002 650 2033 After
665 2003 723 2034 the
740 2002 855 2044 Synod
873 2003 908 2034 of
923 2002 1078 2045 Whitby.

514 2043 528 2064 ⁴
550 2045 615 2077 His
629 2045 787 2088 spiritual
799 2045 914 2078 father
928 2045 1032 2078 Godd.

204 2101 277 2146 446
