1473 2322
433 130 544 167 THE
581 131 910 169 VENERABLE
946 133 1094 171 BEDE

169 244 376 281 passerum
398 232 561 269 domum
583 235 772 272 citissime
794 233 1061 284 pervolaverit
1083 237 1150 286 qui
1172 249 1263 274 cum
1285 249 1358 286 per

170 306 294 330 unum
310 295 457 330 ostium
472 295 716 345 ingrediens,
731 309 825 333 mox
841 309 913 346 per
929 295 1037 334 aliud
1053 299 1208 335 exierit.
1264 298 1356 348 Ipso

170 353 333 403 quidem
363 358 547 404 tempore
579 367 658 404 quo
688 356 796 392 intus
828 359 903 400 est,
934 355 1075 393 hiemis
1105 361 1356 407 tempestate

168 427 248 451 non
267 417 462 465 tangitur,
480 416 553 453 sed
570 420 709 454 tamen
727 419 959 466 parvissimo
978 419 1108 467 spatio
1126 420 1355 456 serenitatis

168 475 221 513 ad
248 481 501 514 momentum
531 490 711 522 excurso,
740 492 834 515 mox
864 478 915 516 de
949 478 1081 517 hieme
1110 481 1152 516 in
1180 478 1356 517 hiemem

168 538 413 588 regrediens,
435 540 514 576 tuis
537 538 659 576 oeulis
681 539 866 578 elabitur.
921 539 987 577 Ita
1007 539 1107 578 haec
1128 542 1210 577 vita
1230 540 1357 578 homi-

167 613 264 636 num
296 600 349 637 ad
378 600 580 638 modicum
612 605 804 650 apparet3
851 601 948 652 quid
979 605 1117 639 autem
1149 606 1355 652 sequatur,

167 661 314 711 quidve
352 664 630 711 praecesserit,
669 676 828 711 prorsus
866 665 1108 713 ignoramus.
1165 663 1284 701 Unde
1323 666 1354 701 si

166 722 266 761 haec
300 736 403 760 nova
438 723 619 761 doctrina
654 726 801 761 certius
837 723 988 773 aliquid
1023 724 1176 768 attulit,
1210 727 1355 762 merito

167 797 254 823 esse
301 785 510 835 sequenda
556 784 757 822 videtur?
829 785 902 822 His
949 785 1093 822 similia
1140 789 1183 823 et
1229 788 1355 824 ceteri

166 848 335 891 maiores
365 850 465 883 natu
494 859 540 884 ae
568 848 674 897 regis
703 846 915 884 consiliarii
941 847 1130 884 divinitus
1160 847 1353 884 admoniti

166 908 527 958 prosequebantur.

217 969 378 1007 Adiecit
406 973 545 1006 autem
573 969 685 1013 Coifi,
713 971 808 1019 quia
834 969 958 1007 vellet
984 971 1115 1019 ipsum
1143 969 1352 1007 Paulinum

165 1030 397 1082 diligentius
417 1030 555 1069 audire
574 1031 626 1069 de
644 1030 735 1069 Deo
755 1044 876 1081 quem
894 1031 1168 1081 praedicabat,
1187 1032 1353 1069 verbum

164 1092 395 1131 facientem.
450 1091 570 1139 Quod
595 1105 686 1129 cum
713 1093 880 1130 iubente
906 1105 1003 1143 rege
1029 1092 1197 1136 faceret,
1224 1091 1353 1129 excla-

165 1157 290 1192 mavit
321 1154 468 1192 auditis
500 1156 584 1192 eius
615 1155 864 1191 sermonibus
895 1154 1053 1192 dicens:
1099 1153 1229 1190 “Iam
1260 1153 1353 1190 olim

165 1215 446 1255 intellexeram
470 1215 567 1253 nihil
593 1229 679 1253 esse
706 1216 813 1265 quod
837 1214 1089 1260 colebamus3
1128 1217 1222 1266 quia
1246 1215 1354 1253 vide-

165 1278 260 1316 licet
280 1281 432 1328 quanto
453 1277 668 1315 studiosius
689 1279 730 1314 in
751 1290 799 1315 eo
819 1276 931 1314 cultu
950 1279 1166 1315 veritatem
1187 1289 1353 1326 quaere-

164 1341 272 1384 bam,
294 1343 411 1376 tanto
433 1341 565 1376 minus
588 1339 855 1376 inveniebam.
911 1337 1027 1375 Nunc
1050 1342 1188 1375 autem
1212 1338 1360 1388 apertev

163 1400 368 1452 profiteor,
386 1402 480 1451 quia
496 1402 538 1437 in
555 1399 630 1437 hac
647 1400 946 1450 praedicatione
965 1401 1111 1437 veritas
1129 1398 1255 1437 claret
1271 1398 1352 1444 illa,

164 1475 268 1513 quae
284 1463 397 1500 nobis
413 1464 535 1507 vitae,
550 1461 689 1499 salutis
705 1465 748 1500 et
762 1461 1025 1499 beatitudinis
1041 1465 1232 1498 aeternae
1247 1460 1353 1498 dona

164 1524 273 1563 valet
304 1525 496 1562 tribuere.
551 1523 672 1561 Unde
705 1536 893 1574 suggero,
925 1536 1011 1566 rex,
1044 1526 1091 1559 ut
1123 1521 1277 1572 templa
1309 1526 1352 1560 et

163 1585 306 1624 altaria
334 1599 439 1636 quae
467 1587 554 1630 sine
581 1584 716 1622 fructu
745 1583 932 1622 utilitatis
961 1585 1215 1627 sacravimus,
1244 1584 1351 1620 ocius

164 1647 415 1686 anathemati
460 1651 504 1685 et
548 1648 632 1698 igni
677 1645 1002 1684 contradamus.''
1055 1644 1164 1692 Quid
1208 1643 1350 1694 plura?

162 1710 350 1760 praebuit
363 1708 497 1759 palam
512 1708 726 1746 adsensum
741 1706 1035 1758 evangelizanti
1048 1707 1170 1744 beato
1184 1705 1350 1743 Paulino

162 1785 249 1817 rex,
269 1775 313 1809 et
333 1772 619 1809 abrenuntiata
638 1769 836 1813 idolatria,
858 1768 979 1806 fidem
999 1780 1042 1806 se
1064 1767 1210 1805 Christi
1230 1769 1350 1804 susci-

161 1846 259 1884 pere
294 1832 498 1871 confessus
534 1836 609 1870 est.
664 1830 847 1880 Cumque
883 1843 907 1867 a
940 1828 1124 1880 praefato
1159 1828 1349 1878 pontifice

162 1908 364 1940 sacrorum
386 1907 547 1932 suorum
571 1896 799 1943 quaereret,
823 1894 910 1942 quis
934 1904 1020 1928 aras
1045 1895 1088 1928 et
1109 1889 1204 1927 fana
1226 1889 1349 1927 idolo—

161 1970 250 1994 rum
285 1969 376 1994 eum
411 1957 536 2006 septis
572 1955 716 2005 quibus
752 1957 868 1992 erant
902 1952 1162 1996 circumdata,
1197 1953 1347 2002 primus

163 2048 234 2091 284
