1473 2322
473 145 583 182 THE
621 145 950 183 VENERABLE
985 146 1131 183 BEDE

213 248 489 299 suscipiendae
529 261 552 285 a
586 250 740 285 cunctis
778 247 964 286 fidelibus
1003 254 1153 294 essent,
1190 248 1397 299 patefecit.

214 311 317 347 Nam
349 316 439 348 tota
471 323 519 348 ea
551 315 670 347 nocte
702 309 888 347 columna
918 309 1016 347 lucis
1050 324 1073 347 a
1104 324 1216 348 carro
1248 310 1316 348 illo
1348 311 1401 348 ad

212 372 369 410 caelum
415 385 542 422 usque
589 377 789 421 porrecta,
835 373 1019 409 omnibus
1066 385 1172 422 pene
1219 373 1400 410 eiusdem

214 434 421 472 Lindissae
450 435 677 483 provinciae
707 433 802 470 locis
832 436 1046 483 conspicua
1075 435 1224 471 stabat.
1280 434 1399 472 Unde

212 509 331 533 mane
360 495 468 532 facto
496 495 641 533 fratres
670 498 903 533 monasterii
931 495 1049 540 illius,
1079 498 1147 546 qui
1175 496 1302 546 pridie
1333 496 1401 533 ab·

213 563 400 603 nuerant,
418 557 635 607 diligenter
652 560 728 607 ipsi
748 562 889 607 petere
909 563 1145 607 coeperunt,
1165 563 1211 594 ut
1231 558 1339 607 apud
1357 571 1400 596 se

213 619 383 657 eaedem
405 623 568 655 sanetae
593 631 637 655 ac
661 618 750 656 Deo
772 617 945 656 dilectae
967 618 1161 669 reliquiae
1182 619 1401 657 conderen-

214 686 291 718 tur.
346 679 450 717 Lota
468 682 593 730 igitur
612 692 700 716 ossa
719 679 945 717 intulerunt
963 683 1004 717 in
1024 679 1200 726 thecam,
1219 694 1341 731 quam
1360 683 1401 718 in

213 741 287 779 hoc
307 746 660 791 praeparaverant,
682 746 805 791 atque
826 744 867 778 in
888 741 1055 779 ecclesia
1074 744 1189 779 iuxta
1208 741 1401 780 honorem

212 815 434 852 congruum
453 806 696 851 posuerunt:
733 807 775 838 et
796 806 842 838 ut
861 804 973 851 regia
992 804 1064 838 viri
1083 804 1211 839 sancti
1231 816 1402 852 persona

212 866 447 901 memoriam
480 862 651 900 haberet
684 868 907 907 aeternam,
940 863 1131 900 vexillum
1165 866 1249 901 eius
1282 877 1402 915 super

214 925 397 962 tumbam
425 938 520 961 auro
548 930 590 962 et
617 938 793 974 purpura
820 928 1086 974 compositum
1114 926 1401 975 adposuerunt,

214 990 422 1038 ipsamque
457 1000 604 1037 aquam
637 989 678 1023 in
713 1000 792 1037 qua
826 986 1011 1024 laverunt
1044 1000 1146 1032 ossa,
1180 990 1221 1024 in
1255 987 1402 1038 angulo

213 1051 372 1086 sacrarii
399 1047 605 1086 fuderunt.
660 1048 722 1084 Ex
751 1061 830 1098 quo
858 1053 1041 1098 tempore
1069 1048 1223 1085 factum
1252 1054 1328 1094 est,
1356 1054 1403 1086 ut

214 1114 300 1161 ipsa
333 1116 443 1149 terra
479 1124 583 1161 quae
618 1109 820 1147 lavacrum
860 1109 1086 1147 venerabile
1123 1112 1314 1161 suscepit,
1351 1111 1402 1148 ad

214 1173 433 1224 abigendos
460 1187 510 1211 ex
536 1174 706 1211 obsessis
732 1173 962 1222 corporibus
988 1172 1220 1218 daemones,
1245 1175 1401 1223 gratiae

214 1234 397 1273 salutaris
422 1235 593 1273 haberet
620 1234 820 1273 effectum.

265 1298 453 1348 Denique
480 1303 664 1347 tempore
692 1302 905 1348 sequente,
933 1311 1023 1335 cum
1051 1298 1236 1348 praefata
1263 1300 1404 1348 regina

215 1363 254 1397 in
272 1360 415 1398 eodem
433 1362 676 1398 monasterio
694 1365 932 1405 moraretur,
951 1363 1061 1398 venit
1079 1360 1131 1398 ad
1147 1359 1402 1398 salutandam

215 1436 305 1460 eam
347 1423 550 1459 abbatissa
592 1422 793 1472 quaedam
835 1421 1085 1467 venerabilis,
1128 1435 1232 1472 quae
1275 1435 1401 1473 usque

214 1483 333 1522 hodie
369 1489 567 1534 superest,
604 1483 795 1521 vocabulo
831 1483 1049 1529 Aedilhild,
1086 1497 1194 1521 soror
1230 1486 1402 1521 virorum

215 1552 444 1584 sanctorum
468 1545 673 1583 Aediluini
703 1551 745 1584 et
769 1544 947 1591 Alduini,
972 1559 1141 1596 quorum
1168 1548 1274 1596 prior
1301 1548 1403 1596 epis·

215 1622 337 1658 copus
362 1610 402 1645 in
428 1607 600 1645 Lindissi
628 1610 844 1658 provincia,
869 1608 1066 1646 secundus
1094 1613 1181 1645 erat
1210 1608 1334 1645 abbas
1361 1609 1402 1644 in

215 1672 459 1708 monasterio
479 1670 588 1720 quod
607 1659 1034 1714 vocatur'Peartaneu,
1051 1683 1073 1706 a
1089 1683 1168 1720 quo
1183 1682 1264 1706 non
1282 1668 1402 1719 longe

217 1738 258 1770 et
276 1731 344 1769 illa
362 1734 651 1769 monasterium
669 1730 861 1769 habebat.
917 1731 1017 1768 Cum
1038 1744 1133 1781 ergo
1154 1732 1317 1769 veniens
1335 1729 1402 1767 illo

214 1793 448 1845 loqueretur
470 1807 560 1831 cum
582 1795 736 1843 regina,
759 1799 882 1843 atque
905 1795 1011 1831 inter
1033 1793 1124 1838 alia,
1145 1805 1329 1830 sermone
1351 1793 1402 1830 de

216 1855 393 1893 osualdo
413 1861 568 1900 exorto,
587 1855 740 1892 diceret
759 1855 866 1905 quod
886 1860 928 1893 et
946 1857 1032 1905 ipsa
1049 1854 1180 1892 lucem
1199 1859 1318 1892 nocte
1335 1853 1403 1891 illa

215 1931 334 1968 supra
357 1917 544 1967 reliquias
568 1919 652 1954 eius
676 1917 727 1954 ad
749 1916 905 1954 caelum
927 1930 1054 1967 usque
1077 1917 1201 1953 altam
1223 1915 1401 1961 vidisset,

263 2075 285 2110 8
566 2028 579 2048 ¹
602 2028 754 2070 Partney
767 2028 805 2059 in
820 2027 1061 2060 Lineolnshire.

215 2085 257 2121 37
