1473 2322
384 131 495 168 THE
533 130 862 168 VENERABLE
898 130 1044 168 BEDE

124 235 338 278 timebant,
367 236 434 283 qui
461 236 629 284 imperio
656 234 910 272 sacerdotum
937 234 1033 271 dum
1061 235 1112 272 ab
1138 235 1308 272 obsessis

124 309 352 358 corporibus
383 308 667 353 detruduntur,
698 314 741 346 et
770 310 1026 358 tempestatis
1055 308 1236 346 ordinem
1267 314 1309 345 et

125 383 300 433 pericula
338 396 441 432 quae
480 382 703 419 intulerant
739 381 988 427 fatebantur,
1022 385 1228 434 victosque
1266 396 1309 420 se

127 472 264 496 eorum
283 460 436 496 meritis
458 464 500 496 et
518 460 685 508 imperio
704 472 784 495 non
802 459 1021 509 negabant.

177 533 340 572 Interea
359 533 648 570 Brittaniarum
667 533 837 570 insulam
858 533 1064 584 apostolici
1083 534 1311 572 sacerdotes

127 611 274 659 raptim
305 611 506 658 opinione,
536 609 851 658 praedicatione,
876 610 1091 647 virtutibus
1121 609 1312 659 impleve-

128 689 221 721 runt
237 696 245 721 z
267 684 504 734 divinusque
520 697 592 734 per
609 697 674 721 eos
691 698 821 722 sermo
837 685 1017 734 quotidie
1034 698 1114 722 non
1129 685 1257 722 solum
1271 687 1312 721 in

130 759 318 803 ecciesiis‚
339 772 476 796 verum
504 761 627 797 etiam
647 773 719 809 per
745 762 875 804 trivia,
895 773 968 810 per
992 773 1085 798 rura
1109 760 1314 810 praedica-

128 836 269 878 batur3
304 836 362 871 ita
383 840 429 871 ut
449 837 596 884 passim
619 841 661 872 et
682 834 820 873 fideles
841 835 1025 872 catholici
1046 835 1313 880 firmarentur,

129 915 171 947 et
207 910 415 959 depravati
452 912 557 946 viam
593 912 847 948 correctionis
884 917 1161 961 agnoscerent.
1215 911 1315 948 Erat

129 984 202 1021 illis
233 984 503 1033 apostolorum
533 987 672 1029 instar,
703 990 746 1023 et
773 985 899 1036 gloria
928 991 971 1024 et
999 989 1216 1024 auctoritas
1244 999 1316 1037 per

130 1062 428 1103 conscientiam,
478 1060 660 1097 doctrina
718 1074 790 1110 per
849 1061 999 1107 literas,
1047 1064 1216 1100 virtutes
1266 1075 1316 1100 ex

130 1137 294 1172 meritis.
351 1134 496 1183 Itaque
510 1137 684 1185 regionis
700 1138 936 1174 universitas
949 1139 991 1174 in
1005 1150 1142 1175 eorum
1156 1142 1317 1175 senten-

130 1213 230 1246 tiam
259 1215 446 1259 prompta
470 1213 697 1248 transierat.
754 1210 960 1249 Latebant
983 1212 1110 1250 abditi
1133 1215 1317 1250 sinistrae

132 1286 396 1334 persuasionis
443 1290 640 1329 auctores,
687 1291 730 1324 et
775 1299 885 1324 more
930 1286 1096 1338 maligni
1141 1289 1318 1337 spiritus,

132 1359 353 1409 gemebant
365 1361 495 1409 perire
511 1360 582 1397 sibi
597 1360 765 1410 populos
780 1361 1013 1407 evadentes,
1026 1362 1077 1400 ad
1091 1367 1318 1400 extremum

133 1435 323 1472 diuturna
367 1435 632 1473 meditatione
674 1442 870 1487 concepta
911 1443 1174 1487 praesumunt
1219 1440 1319 1476 inire

134 1509 374 1546 conflictum.
430 1508 660 1548 Procedunt
686 1514 887 1561 conspicui
915 1512 1076 1558 divitiis,
1104 1519 1216 1552 veste
1245 1512 1320 1550 ful-

134 1590 292 1634 gentes,
337 1585 572 1622 circumdati
618 1586 899 1626 adsentatione
943 1587 1183 1625 multorum:
1243 1588 1320 1626 dis-

135 1661 366 1709 crimenque
403 1662 632 1698 certaminis
669 1662 802 1700 subire
839 1662 1083 1708 maluerunt,
1121 1676 1242 1714 quam
1278 1666 1319 1700 in

137 1734 282 1783 populo
321 1747 442 1784 quem
480 1736 762 1774 subverterant
798 1737 994 1787 pudorem
1030 1741 1319 1776 taciturnitatis

136 1812 351 1853 incurrere,
375 1823 426 1848 ne
451 1810 684 1848 viderentur
707 1825 750 1850 se
774 1814 849 1862 ipsi
873 1813 1031 1851 silentio
1055 1814 1319 1852 damnavisse.

139 1883 223 1920 Illic
242 1884 361 1933 plane
381 1887 563 1922 inmensa
580 1885 813 1932 multitudo,
833 1890 957 1926 etiam
975 1901 1067 1926 cum
1085 1889 1320 1940 coniugibus

139 1971 183 1995 ac
201 1958 335 1995 liberis
356 1962 488 1997 excita
508 1967 764 2006 convenerat,
784 1962 925 2000 aderat
943 1963 1112 2013 populus
1133 1969 1321 2014 expecta-
