1473 2322
419 105 530 142 THE
567 103 896 142 VENERABLE
932 104 1079 141 BEDE

161 213 222 247 sui
241 212 365 247 totius
387 214 474 247 erat
492 207 739 257 metropolis,
759 209 896 258 eisque
917 213 963 244 ut
982 210 1232 256 promiserat,
1251 220 1342 243 cum

162 263 508 300 administratione
533 264 660 298 victus
684 260 930 309 temporalis,
954 260 1157 298 licentiam
1183 273 1341 310 quoque

161 316 419 367 praedicandi
434 328 514 352 non
534 314 712 352 abstulit.
768 314 911 351 Fertur
931 319 1068 351 autem
1088 316 1181 364 quia
1201 313 1341 363 adpro-

162 373 404 420 pinquantes
432 370 599 412 civitati,
625 381 736 405 more
764 380 835 404 suo
862 380 952 404 cum
979 380 1094 404 cruce
1121 372 1274 411 sancta,
1301 372 1344 404 et

162 426 337 473 imagine
371 424 507 472 magni
541 421 661 471 Regis
700 420 864 457 Domini
897 423 1021 457 nostri
1057 420 1148 458 Iesu
1182 419 1341 464 Christi,

163 476 265 513 hanc
281 474 499 512 laetaniam
514 487 686 512 consona
700 487 794 512 voce
807 473 1123 511 modularentur:
1153 472 1175 486 “
1191 472 1346 522 Depre-

163 543 300 567 camur
335 534 392 573 te,
430 528 617 572 Domine,
653 530 695 564 in
730 529 838 564 omni
874 527 1144 564 misericordia
1178 531 1263 571 tua,
1299 531 1345 563 ut

166 582 372 620 auferatur
394 581 503 618 furor
525 587 618 618 tuus
643 586 685 619 et
707 583 765 618 ira
787 586 860 618 tua
882 593 906 617 a
928 582 1091 618 civitate
1114 582 1205 624 ista,
1229 585 1271 617 et
1294 580 1344 617 de

165 636 283 673 domo
304 641 443 672 sancta
462 641 547 679 tua,
568 637 756 685 quoniam
776 636 1040 684 peccavimus.
1095 632 1308 671 Alleluia.''

621 844 737 882 CAP.
774 844 908 881 XXVI

174 926 223 964 Ut
249 926 343 964 idem
371 926 409 964 in
439 925 572 964 Cantia
598 925 804 976 primitivae
831 924 1002 962 ecelesiae
1030 929 1063 961 et
1082 922 1283 961 doctrinave
1303 923 1351 961 sit

270 980 432 1017 imitatus
454 986 487 1016 et
509 980 634 1024 vitam,
658 984 766 1030 atque
787 978 825 1016 in
848 978 934 1015 urbe
955 978 1053 1029 regis
1074 977 1193 1015 sedem
1215 977 1351 1028 episco-

265 1039 379 1085 patus
397 1032 584 1084 acceperit.

221 1112 284 1148 AT
305 1112 372 1148 ubi
392 1112 531 1149 datam
554 1111 628 1148 sibi
654 1113 903 1147 mansionem
929 1112 1191 1154 intraverant,
1211 1121 1353 1158 eoepe-

170 1171 264 1202 runt
291 1165 549 1214 apostolicam
570 1166 796 1214 primitivae
817 1163 1007 1201 ecelesiae
1033 1165 1157 1199 vitam
1182 1163 1352 1205 imitari3

171 1219 416 1256 orationibus
433 1217 619 1256 videlicet
635 1217 815 1261 assiduis,
828 1216 984 1267 vigiliis,
998 1230 1043 1253 ac
1058 1218 1214 1254 ieiuniis
1234 1217 1354 1254 servi-

172 1272 290 1317 endo,
323 1272 490 1310 verbum
523 1274 631 1308 vitae
665 1271 808 1320 quibus
846 1275 1036 1320 poterant
1072 1269 1354 1319 praedicando,

171 1331 315 1362 cuncta
327 1324 444 1362 huius
458 1325 597 1362 mundi
611 1324 721 1362 velut
734 1323 863 1361 aliena
878 1323 1117 1373 spernendo,
1131 1336 1179 1361 ea
1193 1327 1354 1360 tantum

171 1391 276 1429 quae
296 1381 417 1415 victui
437 1380 661 1416 necessaria
680 1378 934 1421 videbantur,
953 1377 1004 1414 ab
1031 1379 1087 1414 eis
1114 1389 1212 1426 quos
1239 1376 1355 1413 doce-

172 1433 284 1476 bant,
301 1432 544 1482 accipiendo,
560 1431 779 1469 secundum
795 1444 843 1468 ea
859 1443 963 1480 quae
978 1430 1177 1467 docebant
1196 1431 1269 1479 ipsi
1284 1442 1356 1478 per

172 1488 305 1522 omnia
334 1486 516 1530 vivendo,
546 1491 588 1522 et
621 1490 808 1534 paratum
837 1485 888 1521 ad
921 1484 1156 1533 patiendum
1191 1483 1355 1520 adversa

172 1552 372 1589 quaeque,
392 1538 455 1577 vel
475 1541 599 1576 etiam
615 1538 667 1575 ad
685 1537 935 1575 moriendum
951 1550 1022 1586 pro
1039 1550 1086 1575 ea
1102 1549 1223 1586 quam
1242 1548 1356 1586 prae-

173 1593 363 1630 dicabant
396 1595 581 1636 veritate,
615 1594 792 1628 animum
825 1590 1023 1628 habendo.
1078 1589 1355 1680 (ΜΨ-(ξπ

172 1659 218 1687 (τιή
271 1649 278 1655 “
356 1651 430 1683 unt
502 1644 1298 1694 onnullithizabantunQ
1313 1655 1355 1680 es

173 1699 504 1749 simplicitatem*
533 1701 756 1736 innocentis
812 1700 938 1744 git-ae,
997 1710 1043 1739 ae
1059 1696 1356 1741 ,nge—dss'riem

174 1753 538 1799 doctrinae—eorum
558 1752 754 1797 caeless'glsss·
811 1751 910 1788 Erat
930 1757 1068 1788 autem
1086 1763 1211 1800 prope
1229 1752 1357 1800 ipsam

174 1802 381 1844 civitatem
415 1806 467 1844 ad
499 1808 697 1843 orientem
732 1804 898 1843 ecclesia
931 1807 973 1840 in
1005 1804 1196 1841 honorem
1228 1805 1357 1840 sancti

176 1859 345 1897 Martini
374 1862 597 1909 antiquitus
627 1860 735 1895 facta
764 1858 861 1896 dum
890 1857 1020 1895 adhuc
1053 1857 1223 1894 Romani
1255 1855 1359 1893 Brit-

227 1952 239 1969 1
263 1951 351 1982 Dan.
373 1952 403 1982 9.
426 1952 476 1987 16,
495 1960 538 1981 an
558 1949 728 1990 antiphon
746 1948 927 1989 belonging
944 1951 981 1979 to
999 1947 1057 1978 the
1076 1947 1246 1988 Rogation
1264 1947 1359 1988 Days

182 1994 217 2024 of
232 1993 457 2033 processional
474 1993 722 2034 supplicatione
737 1993 772 2023 in
788 1993 872 2023 time
889 1991 925 2022 of
939 1991 1088 2022 distress.

183 2050 250 2075 112
